1988 3334
834 60 1239 110 PRAEFATIO

203 196 260 242 T.
290 196 458 259 Stangl
495 196 722 256 collatuS,
745 211 894 258 quem
920 212 948 244 e
975 194 1253 244 Matritensi
1286 195 1484 244 fluxisse
1516 192 1872 245 demonstravit
1958 182 1959 190 ¹

209 276 612 342 Schmiedeberg,
641 294 733 341 ego
759 295 860 327 non
887 276 1002 327 vidi.
1071 278 1282 326 Restant
1307 279 1408 327 duo
1439 278 1665 327 nondum
1691 275 1872 335 collati,

207 358 448 407 Lucensis
490 361 615 422 1756
653 357 889 420 mutilus,¹
925 357 1336 408 Vindobonensis
1371 361 1445 407 26.

273 441 349 488 Ex
384 439 460 488 his
497 439 673 504 optimi
709 449 824 489 sunt
860 441 1008 490 codd.
1047 457 1105 489 vo
1140 440 1225 505 qui
1265 439 1569 490 Matritensis
1605 439 1871 490 lectionem
1962 492 1965 499 .

205 519 461 584 pristinam
499 521 590 570 soli
627 521 821 585 saepius
859 531 1053 571 servant
1081 520 1236 587 (velut
1279 540 1318 570 1.
1354 539 1400 582 4,
1444 539 1516 586 19.
1560 539 1636 582 24,
1679 539 1754 570 22.
1799 537 1872 580 10,
1938 530 1941 532 ’

209 599 284 664 23.
314 604 357 662 6,
390 619 464 662 24.
498 620 521 650 2
554 603 637 662 bis,
673 604 731 651 ib.
768 618 811 666 5,
852 618 927 666 25.
963 620 1038 664 24,
1076 618 1153 665 27.
1184 620 1230 663 4,
1261 621 1336 665 30.
1371 621 1444 665 13,
1475 619 1550 665 34.
1581 619 1658 665 34,
1688 616 1764 664 47.
1799 619 1872 661 11,

209 685 285 746 58.
319 699 393 743 14,
423 698 500 747 59.
535 701 608 746 13,
642 686 721 746 63.
754 699 797 747 5,
834 699 909 746 70.
944 701 1020 746 12,
1058 698 1133 746 73.
1166 687 1240 744 16,
1274 686 1349 746 76.
1383 700 1456 744 14,
1489 698 1564 746 79.
1598 685 1670 743 18,
1701 685 1778 747 85.
1813 688 1874 746 1).

207 763 449 814 Omnium
497 781 623 828 quos
671 765 773 814 vidi
820 767 930 815 cod.
982 782 1008 814 0
1055 765 1208 829 ipsius
1258 764 1563 814 Matritensis
1611 763 1876 828 imaginem

208 847 406 909 qualem
449 845 654 895 memini
693 846 980 896 fidelissime
1016 855 1332 911 representat.
1407 847 1666 896 Interdum
1703 847 1815 896 cod.
1844 845 1892 908 f
1967 869 1969 874 2

207 944 322 977 cum
367 927 647 977 Matritensi
690 927 997 992 singulariter
1035 927 1283 978 consentit
1323 929 1458 977 velut
1505 931 1577 977 16.
1624 946 1664 989 2,
1712 929 1788 991 38.
1833 929 1875 987 8,

210 1012 286 1058 82.
322 1027 394 1070 12,
424 1027 501 1073 90.
534 1025 592 1074 25
620 1028 629 1058 :
666 1026 830 1073 neque
867 1009 1027 1059 secius
1066 1011 1205 1059 Harl.
1239 1013 1364 1073 2635
1394 1009 1479 1073 qui
1507 1027 1580 1058 11.
1612 1027 1670 1058 22
1698 1012 1878 1067 lausea,
1947 1042 1951 1046 η

210 1109 286 1155 31.
319 1105 343 1153 7
371 1087 482 1157 fllia
505 1090 636 1154 (sine
665 1109 708 1141 v.
728 1093 779 1156 l.)
809 1091 1021 1152 exhibet,
1059 1100 1108 1140 et
1145 1093 1287 1142 Laur.
1325 1105 1423 1141 L1v.
1456 1105 1535 1153 27,
1559 1089 1645 1155 qui
1676 1094 1753 1152 64.
1783 1107 1882 1154 3-4
1972 1138 1973 1162 3

209 1176 344 1224 solus
369 1191 429 1224 ex
454 1174 576 1224 meis
602 1175 752 1224 verba
776 1175 1036 1224 arbitrium
1064 1213 1073 1224 .
1102 1212 1112 1223 .
1140 1213 1149 1223 .
1177 1176 1232 1223 de
1263 1190 1356 1238 quo
1378 1174 1430 1222 in
1463 1173 1682 1238 margine
1711 1173 1879 1224 habet.
1944 1164 1946 1167 ’

211 1257 254 1305 Ε
281 1255 539 1306 codicibus
566 1256 747 1321 quibus
774 1255 1121 1306 Berolinenses
1147 1255 1222 1305 usi
1247 1265 1362 1305 sunt
1387 1254 1604 1320 optimus
1629 1264 1703 1305 est
1727 1256 1772 1316 b,
1796 1254 1882 1319 qui

210 1337 397 1388 codicis
422 1347 463 1402 p
499 1340 599 1388 fere
634 1340 873 1402 gemellus
911 1348 997 1399 est,
1037 1337 1232 1402 saepius
1274 1346 1441 1387 autern
1480 1336 1788 1387 coniecturas
1831 1336 1882 1386 in

209 1430 397 1470 textum
440 1419 626 1485 recepit
667 1422 801 1470 velut
840 1437 915 1483 31.
959 1435 983 1482 7
1012 1421 1334 1483 patrimonia,
1377 1436 1453 1483 33.
1495 1436 1514 1467 1
1562 1420 1880 1468 hortantibus.

211 1501 512 1551 Leidensem
555 1499 635 1567 (l),
675 1501 755 1551 cui
790 1500 974 1565 primas
1016 1501 1220 1562 dabant,
1257 1500 1581 1551 recentiorem
1619 1517 1726 1550 esse
1768 1517 1882 1550 con-

213 1583 420 1633 vincunt
480 1583 776 1633 Pisonianae
836 1585 1183 1647 supplementa
1241 1582 1292 1631 in
1346 1591 1633 1632 contextum
1687 1591 1884 1646 recepta

212 1666 280 1729 (5.
317 1682 389 1726 12,
421 1680 462 1728 7.
495 1683 535 1726 2,
570 1682 643 1715 10.
676 1683 720 1726 2,
752 1681 824 1726 14.
860 1664 970 1731 15):
1009 1683 1036 1715 e
1071 1664 1351 1714 Matritensi
1384 1663 1580 1714 fluxisse
1611 1681 1670 1714 ex
1694 1681 1771 1727 49.
1807 1681 1879 1724 12,

216 1750 294 1810 87.
323 1765 370 1811 9,
397 1746 711 1796 manifestum
738 1756 824 1796 est.

283 1829 414 1880 Cum
458 1827 725 1892 scripturae
763 1828 970 1878 varietas
1009 1830 1108 1878 fere
1150 1827 1384 1877 omnibus
1427 1845 1454 1877 e
1495 1826 1884 1876 correctionibus

214 1927 342 1975 quae
379 1910 430 1959 in
466 1925 515 1959 x.
546 1912 603 1958 81
646 1909 962 1960 inveniuntur
998 1911 1228 1974 pendeat,
1256 1911 1391 1959 unde
1427 1909 1600 1959 turbae
1636 1908 1885 1958 mirabiles
1946 1915 1947 1918 ’

214 1993 484 2056 aliquando
514 2000 650 2041 ortae
680 2000 808 2052 sunt,
836 1990 1070 2041 omnibus
1102 1990 1224 2041 locis
1257 1989 1343 2040 ubi
1377 1989 1664 2040 mutationis
1697 1989 1886 2053 aliquid

215 2075 266 2123 in
317 2073 597 2122 Matritensi
649 2075 834 2122 factum
884 2082 971 2133 est,
1013 2073 1159 2122 codd.
1206 2073 1398 2136 abjlopv
1445 2070 1599 2121 varias
1647 2070 1885 2120 lectiones

217 2173 318 2206 uno
366 2155 417 2204 in
466 2164 738 2218 conspectu
786 2154 966 2218 posui.²
1050 2155 1125 2202 Ex
1172 2154 1264 2216 ovs
1298 2153 1535 2202 librorum
1584 2151 1886 2217 optimorum

217 2235 428 2301 ingenia,
479 2252 539 2285 ex
590 2237 668 2299 blp
721 2234 1062 2295 mediocrium,
1114 2252 1173 2284 ex
1220 2252 1250 2283 a
1300 2233 1571 2298 vulgarium
1626 2233 1886 2284 manifesta

218 2328 373 2370 erunt.
447 2319 500 2366 P
515 2339 567 2361 =
591 2316 909 2377 Matritensis,
939 2322 981 2365 Ω
1005 2338 1056 2360 =
1080 2316 1229 2366 ceteri
1255 2315 1505 2380 Poggiani.

277 2472 312 2510 1.
344 2481 370 2518 4
405 2443 547 2507 iterbis
568 2442 788 2507 Ciceronis
808 2466 851 2506 P
867 2483 876 2508 :
906 2467 1046 2507 verbis
1066 2467 1286 2506 Ciceronis
1305 2479 1331 2506 v
1351 2481 1360 2506 z
1401 2466 1621 2506 Ciceronis
1641 2465 1781 2505 verbis
1801 2470 1883 2505 cett.

224 2538 272 2575 14
301 2528 401 2563 ante
430 2521 566 2574 ng.
600 2523 674 2575 (m.
698 2523 743 2573 2)
767 2527 865 2574 post
892 2534 1054 2573 quare:
1095 2527 1196 2562 ante
1226 2534 1365 2572 omg„
1398 2520 1423 2572 l,
1454 2533 1536 2560 om.
1563 2525 1647 2560 cett.
1839 2522 1890 2559 16

240 2578 365 2612 senatfi
1286 2582 1338 2608 ret
1579 2581 1616 2607 at

219 2632 384 2660 summa
403 2618 494 2670 Pop
514 2633 523 2658 :
552 2631 718 2658 summa
737 2617 822 2668 lfv:
860 2617 1013 2659 senatfl
1033 2618 1086 2657 ab
1196 2617 1343 2657 dicens
1362 2616 1478 2668 Pop:
1509 2615 1650 2667 dicens
1669 2615 1687 2654 l
1699 2629 1710 2656 z
1739 2617 1888 2656 dicens
1956 2647 1960 2652 .

208 2677 265 2726 fv
281 2689 290 2714 ε
320 2674 483 2713 diceret
503 2673 555 2712 ab

278 2777 293 2800 ²
326 2775 531 2817 Codicem
552 2774 748 2814 indicavit
771 2774 972 2827 Mancini,
998 2774 1122 2814 Studi
1144 2772 1320 2824 Italiani,
1343 2773 1425 2814 vol.
1449 2773 1537 2824 viii,
1561 2785 1599 2824 p.
1627 2786 1720 2822 242.
1958 2819 1959 2822 Ἴ

281 2830 299 2856 ²
329 2831 440 2871 Tres
458 2835 633 2880 tantum,
659 2841 764 2880 quas
782 2843 808 2870 a
827 2843 880 2870 m.
908 2841 996 2870 rec.
1017 2830 1150 2869 factas
1177 2841 1272 2868 esse
1291 2828 1380 2868 veri
1405 2827 1542 2867 simile
1563 2833 1628 2868 est
1650 2829 1708 2878 (9.
1734 2838 1798 2878 15,
1821 2840 1887 2878 23.

225 2900 264 2938 2,
288 2898 355 2937 59.
377 2885 435 2938 7),
459 2884 504 2924 in
526 2887 558 2923 Ω
579 2895 664 2924 non
684 2884 842 2925 inveni.

1010 2937 1106 2986 xxii
