1988 3334
867 68 1274 118 PRAEFATIO

235 199 459 255 Antonio
507 208 596 256 sed
643 207 707 255 ab
756 206 1012 256 Ciceronis
1058 207 1471 258 obtrectatoribus
1519 209 1737 273 scriptas,
1781 226 1905 298 quas
1970 195 1971 199 Ἰ

237 286 461 351 ignorare
485 286 638 336 satius
663 286 725 336 sit
750 286 946 354 (941).

305 388 380 455 (5)
417 393 642 439 ΡοΕΤΑΕ.

304 484 487 534 Accius
515 483 617 550 (16.
660 484 756 550 18).
829 486 886 535 C.
937 485 1052 535 Iulii
1088 485 1313 536 Caesaris
1343 484 1472 551 (aed.
1508 503 1607 536 cur.
1643 505 1687 536 a.
1726 489 1780 538 C.
1821 488 1909 551 90)
1946 497 1973 521 ¹³

234 566 516 630 tragoediae
541 563 642 630 (25.
674 564 768 631 13).
827 566 1010 616 Calvus
1036 565 1135 630 (93.
1168 565 1266 632 22).
1328 566 1653 618 Philodemus
1678 567 1778 633 (16.
1807 567 1903 633 12).

304 647 420 696 Fuit'
450 646 595 711 igitur
628 646 877 696 Asconius
915 658 1083 698 noster
1117 664 1221 697 non
1258 647 1523 698 scholiasta
1558 650 1660 709 sed,
1700 658 1755 698 ut
1790 665 1908 712 cum
1977 698 1981 713 ,

235 727 476 778 Suetonio
516 730 702 792 loquar,
749 729 821 777 vir
859 727 1135 790 historicus,
1177 728 1264 793 qui
1306 728 1556 780 interdum
1597 719 1813 780 minimis
1855 729 1906 781 in
1971 753 1981 802 εἰ

234 810 400 872 rebus,
427 811 562 860 velut
594 827 696 875 quo
725 810 807 861 die
840 810 1042 875 quaevis
1072 828 1148 861 res
1178 813 1308 861 facta
1340 811 1402 861 sit
1432 810 1532 877 (31.
1567 812 1765 879 12-15),
1795 812 1906 878 quis
1971 811 1981 819 ”

233 891 378 941 fuerit
420 891 505 956 qui
542 890 732 956 aliquid
771 891 958 952 dixerit,
1002 909 1054 943 se
1097 909 1323 943 exercere
1370 898 1472 943 non
1520 893 1906 959 indignabatur.¹
1973 957 1976 964 Ι

237 974 372 1023 Inter
407 972 763 1038 pretiosissima
799 973 943 1038 igitur
978 973 1285 1039 antiquitatis
1323 985 1651 1026 monumenta
1687 975 1738 1025 hi
1774 994 1908 1027 com·
1979 1020 1982 1029 .

237 1053 461 1103 mentarii
504 1054 799 1105 numerandi
833 1064 961 1116 sunt,
1007 1054 1092 1120 qui
1135 1054 1324 1105 utinam
1363 1056 1619 1120 aliquanto
1661 1058 1906 1122 pleniores

235 1144 412 1186 essent.
487 1137 620 1186 Nam
669 1154 728 1186 ex
775 1135 852 1185 his
894 1135 1013 1201 ipsis
1053 1153 1181 1201 quae
1223 1146 1414 1187 servata
1457 1147 1572 1188 sunt
1620 1139 1906 1203 fragmentis
1974 1163 1977 1190 θ

233 1227 282 1267 et
307 1235 366 1267 ex
392 1217 539 1268 Gellii
566 1217 663 1283 (xv.
694 1219 778 1284 28)
804 1218 1090 1269 testimonio
1120 1219 1588 1270 commentariorum
1614 1221 1904 1286 particulam
1975 1261 1984 1291 ¹

235 1307 428 1349 tantum
463 1299 761 1363 superfuisse
791 1300 1108 1350 manifestum
1135 1310 1222 1351 est.
1299 1300 1528 1352 Editores
1560 1303 1906 1354 Berolinenses
1974 1306 1984 1366 Ξν

236 1381 440 1445 quidem
471 1399 530 1431 ex
562 1381 769 1432 Asconii
794 1381 956 1432 verbis
982 1399 1035 1432 se
1069 1384 1132 1433 de
1168 1401 1219 1433 re
1255 1385 1332 1432 vel
1357 1382 1560 1436 homine
1593 1384 1690 1434 iam
1725 1384 1906 1435 dixisse
1975 1387 1984 1443 ἶ

233 1462 519 1512 affirmantis
561 1463 780 1514 sedecim
819 1463 939 1513 alias
981 1463 1229 1514 orationes
1270 1458 1524 1515 enarrasse
1563 1467 1905 1516 contendunt:
1981 1453 1985 1465 ’

233 1545 414 1610 quibus
438 1547 697 1597 addendas
718 1563 826 1596 esse
851 1563 933 1596 eas
954 1563 1076 1611 quas
1097 1546 1320 1596 tractavit
1339 1546 1616 1597 Scholiasta
1642 1547 1905 1598 Bobiensis
1922 1571 1935 1584 ·
1981 1539 1986 1557 ⁸

231 1627 335 1677 iure
377 1627 700 1693 suspicantur,
741 1645 856 1677 cum
895 1627 936 1677 is
978 1628 1028 1677 in
1072 1626 1351 1677 Miloniana
1386 1628 1607 1678 Asconio
1644 1646 1761 1679 usus
1797 1647 1906 1680 esse
1976 1644 1985 1656 '¹

232 1709 493 1760 videatur.2
563 1711 822 1760 Accedent
855 1709 1004 1759 etiam
1035 1709 1287 1771 Verrinae,
1323 1709 1363 1759 si
1388 1719 1521 1759 recta
1553 1720 1626 1760 est
1661 1711 1903 1777 Madvigii
1929 1766 1932 1767 ⁷
1977 1771 1980 1786 ι

232 1790 449 1856 suspicio
497 1791 583 1856 qui
631 1791 931 1842 scholiorum
987 1790 1395 1855 Sangallensium,
1446 1793 1510 1841 de
1558 1792 1739 1856 quibus
1788 1812 1904 1844 mox

231 1873 521 1935 dicendum,
545 1883 799 1924 auctorem
838 1873 1001 1923 bonae
1035 1872 1183 1938 frugis
1219 1872 1408 1936 aliquid
1445 1890 1505 1923 ex
1529 1874 1735 1923 Asconii
1771 1892 1904 1924 com·
1987 1932 1988 1937 ¹

233 1956 474 2008 mentario
499 1957 759 2022 deperdito
789 1966 1071 2007 mutuatum
1097 1974 1205 2006 esse
1234 1955 1500 2022 opinatur.³
1572 1959 1650 2006 De
1679 1956 1904 2021 plurimis

231 2038 377 2104 igitur
406 2039 712 2090 orationibus
738 2038 996 2100 Tullianis,
1024 2040 1229 2089 fortasse
1254 2040 1319 2089 de
1343 2038 1591 2100 omnibus,
1619 2037 1719 2087 veri
1744 2038 1904 2088 simile
1978 2032 1988 2092 ἔ

231 2130 306 2171 est
331 2121 582 2186 scripsisse
608 2121 915 2171 Asconium:
953 2120 1338 2171 commentarios
1369 2121 1647 2170 secundum
1672 2122 1903 2170 consules
1946 2151 1947 2154 =
1978 2138 1988 2146 ¹

231 2203 496 2254 instructos
544 2203 708 2264 fuisse,
754 2221 856 2253 non
898 2205 995 2253 hoc
1043 2212 1360 2268 praepostero
1408 2202 1582 2252 ordine
1624 2219 1725 2266 quo
1766 2219 1902 2252 nunc

231 2287 460 2349 leguntur
492 2285 608 2335 satis
638 2294 851 2347 constat,
876 2302 992 2335 cum
1021 2284 1073 2333 in
1110 2284 1252 2335 initio
1286 2301 1453 2334 earum
1480 2301 1608 2348 quae
1638 2293 1901 2348 supersunt
1978 2303 1981 2307 ’

231 2366 597 2431 expositionum
634 2366 817 2430 quibus
847 2366 1136 2416 consulibus
1173 2366 1331 2416 oratio
1367 2365 1501 2416 dicta
1536 2365 1598 2414 sit
1630 2366 1901 2416 admonere
1987 2369 1988 2376 ’

231 2450 404 2498 soleat.

300 2532 532 2580 Aetatem
558 2529 668 2578 tulit
694 2529 942 2579 Asconius
966 2529 1017 2579 in
1034 2547 1136 2579 uno
1156 2528 1331 2579 codice
1347 2527 1654 2592 Sangallensi
1670 2530 1832 2578 lacero
1852 2537 1902 2578 et

286 2679 301 2703 ¹
327 2679 529 2720 Aureliae
560 2679 788 2719 Orestillae
823 2692 976 2719 nomen
1012 2692 1106 2719 eum
1146 2678 1405 2730 ignoravisse
1436 2679 1520 2729 (92.
1554 2677 1601 2732 2)
1633 2679 1786 2718 mirum
1818 2685 1898 2719 est.

231 2734 440 2775 Videlicet
459 2735 512 2774 de
534 2733 722 2774 Sallustii
746 2733 829 2773 vita
848 2734 1032 2774 nondum
1056 2734 1299 2784 scripserat.

287 2789 304 2812 ²
336 2788 505 2840 ‘Ipsius
535 2788 638 2828 mihi
666 2787 841 2850 Asconii
870 2788 998 2829 verba
1026 2788 1205 2828 subinde
1234 2787 1380 2827 audire
1409 2787 1601 2838 videor’,
1627 2786 1813 2838 Madvig,
1844 2788 1902 2827 de

232 2843 392 2884 Ascon.
419 2843 520 2883 Ped.
544 2856 584 2894 p.
614 2855 704 2893 150.

288 2897 386 2939 ³ib.
410 2911 451 2949 p.
477 2909 566 2938 112.

1057 2982 1086 3013 X
