1988 3334
336 133 412 182 IN
451 130 888 182 ORATIONEM
930 129 1006 178 IN
1044 128 1240 178 ToeA
1277 97 1615 177 CANDIDA'
1749 142 1811 190 93

200 516 429 566 Diximus
465 515 563 566 iam
600 531 748 579 supra
783 515 948 564 Sullae
983 512 1114 564 ludis
1151 528 1278 578 quos
1315 511 1396 561 hic
1432 520 1634 577 propter
1662 511 1812 562 victo-

5 604 8 612 ’
60 625 67 663 χ
130 598 250 648 riam
310 597 480 649 fecerit
537 596 800 662 quadrigas
849 598 906 647 C.
957 594 1237 645 Antonium
1297 603 1345 644 et
1391 593 1516 644 alios
1563 596 1809 658 quosdam

56 692 59 748 3¹
96 696 98 698 ·
130 679 324 730 nobiles
366 679 596 729 homines
638 677 862 742 agitasse.
938 681 1196 727 Praeterea
1232 675 1485 726 Antonius
1527 677 1810 741 redemptas

128 762 347 812 habebat
365 761 430 811 ab
448 760 636 811 aerario
655 759 918 824 vectigales
938 758 1218 824 quadrigas,
1234 775 1386 823 quam
1411 757 1809 822 redemptionem

56 835 95 897 ξεἸ
129 843 343 894 senatori
367 844 551 893 habere
582 842 698 893 licet
729 859 817 907 per
840 844 1015 906 legem.
1090 841 1204 891 Fuit
1235 850 1403 891 autem
1436 839 1725 890 notissimus
1758 839 1810 889 in

65 910 94 997 ξ,
128 925 260 976 circo
285 925 633 990 quadrigarum
658 924 867 988 agitator
892 925 1125 974 Boculus,

199 1008 336 1058 Dicit
361 1009 425 1058 de
449 1006 592 1057 malis
617 1006 808 1058 civibus
828 1025 839 1056 :
1436 1052 1437 1055 ,

95 1142 97 1147 .
200 1090 317 1154 Qui
358 1099 569 1155 postea
601 1106 774 1153 quam
806 1088 913 1138 illo
947 1106 1056 1152 quo
1091 1087 1296 1138 conati
1328 1096 1494 1137 erant
1532 1086 1808 1151 Hispani-

48 1170 67 1197 ‘⁴
130 1172 258 1223 ensi
290 1172 660 1237 pugiunculo
698 1187 912 1221 nervos
945 1170 1215 1220 incidere
1256 1169 1477 1220 civium
1518 1171 1807 1218 Romano-

61 1264 97 1317 ².¹
128 1272 253 1305 rum
303 1271 421 1304 non
468 1263 806 1319 potuerunt,
852 1255 998 1304 duas
1046 1269 1162 1302 uno
1204 1261 1471 1321 tempore
1512 1261 1807 1302 conantur

63 1342 93 1402 ’χ
127 1337 188 1387 in
226 1354 346 1387 rem
385 1336 688 1402 publicam
727 1335 881 1386 sicas
921 1334 1308 1400 destringere.

44 1473 45 1480 .
91 1484 93 1486 η
197 1418 587 1484 Hispaniensem
620 1417 979 1482 pugiunculum
1005 1418 1098 1468 Cn.
1128 1416 1363 1466 Pisonem
1396 1418 1627 1480 appellat,
1655 1433 1806 1480 quem

42 1497 44 1578 3
126 1500 178 1550 in
219 1500 468 1565 Hispania
508 1499 729 1550 occisum
772 1516 880 1549 esse
921 1499 1035 1550 dixi.
1112 1501 1251 1548 Duas
1290 1498 1416 1548 sicas
1453 1497 1722 1549 Catilinam
1759 1508 1808 1549 et

127 1583 405 1633 Antonium
429 1581 666 1646 appellari
691 1580 1009 1630 manifestum
1035 1590 1120 1630 est.

197 1667 373 1714 Hunc
409 1681 511 1714 vos
548 1663 766 1713 scitote
800 1663 1098 1712 Licinium
1133 1662 1529 1727 gladiatorem
1565 1662 1678 1712 iam
1712 1662 1805 1711 im-

76 1754 84 1809 J
128 1746 363 1796 misisse
405 1745 691 1810 capillum
735 1744 1036 1796 Catilinae
1078 1744 1294 1796 †iudic.
1334 1752 1446 1808 qua
1485 1746 1546 1807 Q.
1587 1761 1655 1794 ue
1699 1745 1803 1796 Cu-

126 1827 273 1878 rium
309 1826 609 1877 hominem
646 1824 1065 1890 quaestorium.

36 1972 37 1976 ,
192 1908 372 1960 Curius
414 1908 496 1958 hic
534 1907 822 1957 notissimus
858 1907 949 1957 fuit
989 1908 1188 1968 aleator,
1228 1908 1594 1972 damnatusque
1630 1916 1804 1972 postea
1825 1909 1892 1972 84

34 1995 44 2051 j
124 1999 210 2040 est.
286 1992 347 2040 In
373 1992 507 2040 hunc
532 1999 606 2039 est
630 1989 1075 2054 hendecasyllabus
1102 1988 1242 2041 Calvi
1267 1991 1494 2054 elegans:

33 2059 43 2078 ‘¹
577 2074 642 2121 Et
666 2074 791 2122 talos
818 2071 997 2123 Curius
1022 2070 1346 2136 pereruditus.

30 2242 58 2262 Ἠ
192 2189 329 2239 Huic
367 2188 578 2239 orationi
615 2188 871 2240 Ciceronis
914 2198 963 2238 et
1001 2188 1216 2239 Catilina
1257 2198 1306 2238 et
1342 2189 1593 2239 Antonius
1631 2200 1804 2240 contu-

51 2298 54 2342 3
79 2308 93 2334 ,·
123 2270 328 2322 meliose
383 2272 758 2335 responderunt,
809 2271 946 2334 quod
1007 2273 1167 2319 solum
1228 2279 1474 2334 poterant,
1522 2271 1703 2322 invecti
1751 2272 1801 2321 in

75 2460 78 2467 .
177 2417 203 2443 2
232 2403 347 2454 quod
367 2402 604 2443 avunculus
625 2406 670 2453 Σ,
690 2415 790 2442 corr.
816 2401 871 2441 A.
896 2401 1169 2454 Augustinus
1344 2415 1370 2454 3
1400 2402 1678 2454 impetrasses
1694 2403 1799 2455 SP¹,

25 2539 27 2558 3
82 2494 84 2499 ’
121 2512 221 2564 corr.
240 2499 440 2553 Poggius,
459 2498 512 2538 M
611 2514 635 2549 4
665 2499 787 2539 ludos
808 2502 850 2545 Σ,
871 2511 972 2539 corr.
988 2498 1195 2539 Beraldus
1290 2500 1317 2538 8
1347 2500 1390 2539 in
1411 2500 1450 2541 (ἶ
1468 2514 1476 2539 :
1507 2499 1548 2540 id
1566 2504 1597 2542 Σ
1619 2477 1797 2553 (idcirco

122 2571 369 2638 zi'otissimus
388 2596 447 2649 P)
563 2609 607 2634 11
631 2596 704 2636 illo
717 2609 801 2646 quo
819 2594 1061 2635 Mommsen
1079 2610 1088 2635 z
1117 2595 1189 2635 illo
1209 2595 1300 2636 ,ΞΡ1
1322 2611 1331 2635 :
1360 2610 1443 2636 om.
1463 2596 1516 2636 M
1531 2612 1539 2637 :
1570 2597 1672 2638 illud
1686 2597 1796 2651 Pog-

116 2652 218 2704 gius
399 2664 448 2690 12
480 2651 738 2702 pugiuncula
757 2650 863 2701 51²1,
895 2663 997 2691 corr.
1020 2650 1220 2704 Poggius,
1244 2651 1298 2690 M
1493 2665 1541 2702 14
1572 2665 1662 2704 rep.
1686 2654 1797 2694 sicas

22 2750 24 2761 ,
74 2719 75 2722 ¹
121 2705 380 2758 distringere
400 2709 444 2756 Σ,
465 2718 563 2746 corr.
588 2705 794 2746 Patricius
918 2706 967 2744 16
996 2705 1102 2745 dixit
1114 2709 1159 2757 Σ,
1177 2717 1277 2745 corr.
1293 2706 1517 2747 Manutius
1649 2709 1699 2747 18
1719 2709 1796 2747 im-

122 2760 311 2813 misisse]
324 2761 423 2811 sort.
439 2759 687 2800 submisisse
703 2760 770 2812 (cf.
787 2759 898 2799 Plin.
916 2759 994 2812 Ep.
1011 2760 1084 2800 vii.
1103 2773 1168 2811 27.
1192 2772 1241 2810 14
1259 2761 1343 2800 reis
1365 2762 1496 2801 moris
1518 2767 1585 2802 est
1605 2763 1796 2802 summit-

120 2820 214 2855 tere
234 2815 454 2866 capillum)
656 2827 707 2866 19
735 2814 926 2865 lapillum
948 2813 1001 2853 S¹
1204 2814 1329 2855 iudic.
1353 2821 1437 2866 qua
1458 2815 1511 2866 Q.
1536 2829 1589 2855 ue
1611 2819 1641 2857 Σ
1663 2831 1671 2855 :
1688 2817 1792 2867 sbrt.

46 2915 49 2925 .
122 2869 296 2921 iudicio,
318 2869 506 2920 itemque
635 2883 688 2910 20
711 2868 1020 2922 quaestorium]
1042 2869 1148 2920 fort.
1184 2875 1488 2919 quaestuosum
1638 2884 1691 2910 22
1721 2885 1794 2910 en-

46 2943 70 2970 ,3
122 2923 365 2975 desyllabus
399 2928 444 2976 Σ,
476 2937 577 2965 corr.
610 2924 670 2964 ed.
693 2924 807 2964 Iunt.
951 2936 1004 2975 23
1034 2924 1143 2964 talos
1157 2922 1209 2963 L.
1238 2923 1416 2964 Maller:
1447 2925 1557 2965 talus
1582 2925 1648 2965 P:
1679 2926 1795 2965 calus

68 2994 70 2998 ·
121 2976 208 3018 SM
224 2992 233 3017 :
261 2977 358 3019 talis
378 2977 585 3018 Beraldus
647 2979 787 3019 curios
808 2982 853 3032 Σ,
874 2990 974 3018 corr.
996 2977 1056 3018 ed.
1079 2976 1175 3018 Ven.
1290 2979 1604 3031 pererudiosius
1623 2978 1661 3019 S
1679 2995 1687 3018 :
1718 2993 1794 3031 per

73 3045 76 3051 ·
121 3033 295 3074 erudius
315 3031 418 3085 PM,
438 3045 536 3073 corr.
561 3032 619 3073 ed.
649 3033 744 3073 Ven.
915 3045 967 3082 25
997 3034 1312 3085 responderant
1335 3038 1377 3084 Σ,
1401 3023 1506 3074 εοννῙ
1525 3033 1749 3075 Manutius
