1988 3334
635 106 712 156 IN
750 61 1221 156 scAVRIANAM
1704 118 1728 150 2
1737 114 1762 164 5

104 296 109 303 ,
165 245 264 298 Hic
288 247 409 296 alter
434 246 641 297 Crassus
667 243 801 295 idem
827 251 900 294 est
936 243 1001 292 de
1034 257 1136 306 quo
1162 256 1308 305 supra
1333 238 1561 289 diximus,
1635 239 1769 287 Alte-

48 316 51 318 *
96 344 202 384 rum
251 336 418 398 autem
466 343 582 378 eum
624 326 855 391 appellat,
896 323 1013 389 quia
1050 331 1167 373 ante
1205 320 1513 372 mentionem
1554 319 1669 370 fecit
1713 322 1765 368 P.

96 410 258 468 Crassi
283 409 369 475 qui
394 409 485 460 fuit
509 408 732 474 pontifex
756 405 1001 457 maximus
1027 414 1076 456 et
1107 406 1241 456 bello
1274 402 1543 453 Aristonici
1572 401 1624 451 in
1649 401 1771 451 Asia

95 492 233 549 dedit
257 508 459 557 operam
485 500 539 542 ut
563 489 887 542 occideretur.
962 487 1117 539 Iulios
1141 495 1310 538 autem
1335 503 1450 536 cum
1476 484 1611 545 dicit,
1639 486 1768 534 duos

55 597 65 649 ξι
96 575 328 629 Caesares
370 575 539 624 fratres
577 574 635 624 C.
674 581 723 623 et
762 575 818 621 L.
858 570 1131 637 significat:
1174 587 1234 620 ex
1269 568 1452 634 quibus
1495 565 1680 616 Lucius
1720 575 1769 615 et

93 658 265 710 consul
301 664 350 706 et
382 672 558 706 censor
592 654 701 717 fuit,
727 653 882 705 Gaius
918 652 1175 704 aedilicius
1211 651 1417 716 quidem
1451 649 1644 700 occisus
1678 657 1765 709 est,

94 738 182 792 sed
205 747 398 788 tantum
423 737 475 787 in
499 736 697 787 civitate
721 736 884 801 potuit
916 745 971 786 ut
1006 752 1158 785 causa
1188 733 1306 784 belli
1331 732 1486 783 civilis
1511 731 1769 782 contentio

54 886 56 899 θ
95 821 198 887 eius
257 838 372 871 cum
429 819 649 885 Sulpicio
696 828 752 869 tr.
803 818 962 869 fuerit.
1060 819 1193 867 Nam
1242 825 1291 867 et
1344 815 1574 880 sperabat
1621 824 1671 865 et
1718 814 1770 864 id

93 1065 412 1119 contentione
453 1068 519 1116 ad
555 1068 737 1116 ferrum
774 1075 822 1116 et
857 1066 924 1116 ad
958 1082 1095 1114 arma
1129 1062 1382 1128 processit.
1459 1064 1604 1112 Idem
1644 1061 1770 1111 inter

52 1185 54 1196 ὲ
79 1146 275 1217 'primos
300 1148 537 1214 temporis
562 1148 638 1199 sui
663 1156 881 1199 oratores
906 1157 955 1198 et
979 1146 1191 1211 tragicus
1221 1155 1371 1211 poeta
1402 1146 1566 1195 bonus
1599 1146 1771 1194 admo-

91 1219 214 1295 fium
237 1230 436 1281 habitus
457 1240 532 1281 est
548 1250 562 1294 3
597 1230 744 1280 huius
765 1239 880 1280 sunt
895 1229 1030 1280 enim
1047 1228 1330 1293 tragoediae
1349 1244 1477 1293 quae
1496 1226 1771 1276 inscribun-

52 1337 54 1351 >
91 1319 170 1381 tur
195 1312 304 1363 Iuli.
379 1315 444 1363 Et
467 1312 521 1362 hi
544 1321 712 1362 autem
739 1312 855 1362 Iulii
888 1322 936 1362 et
972 1311 1224 1362 Antonius
1248 1328 1278 1360 a
1311 1309 1603 1360 satellitibus
1639 1308 1769 1358 Mari

51 1363 207 1461 1{unt
230 1393 396 1456 occisi,
425 1411 539 1444 cum
566 1396 787 1456 CrassuS,
816 1403 871 1444 ut
904 1411 1051 1459 supra
1087 1393 1316 1455 diximuS,
1344 1394 1562 1443 eundem
1596 1408 1768 1442 casum

50 1542 53 1551 γ
75 1471 77 1473 ’
90 1468 181 1550 §ua
205 1493 355 1527 manu
381 1476 728 1542 praevenisset.

687 1691 824 1740 CIR.
868 1691 1166 1739 MEDIVM

160 1799 245 1866 (33
270 1799 361 1866 sq.)
400 1801 610 1864 Neque
646 1816 783 1849 vero
826 1801 970 1849 haec
1012 1798 1139 1864 ipsa
1182 1799 1490 1849 cotidiana
1532 1816 1621 1849 res
1665 1802 1770 1864 Ap-

50 1908 52 1951 }
92 1882 253 1954 Pium
274 1882 591 1933 Claudium
618 1881 721 1932 illa
746 1881 1119 1931 humanitate
1144 1891 1200 1932 et
1226 1882 1524 1946 sapientia
1548 1883 1773 1946 praedi-

50 1956 67 2001 '·
90 1971 212 2015 tum
238 1981 338 2029 per
362 1981 422 2014 se
447 1964 575 2029 ipsa
599 1963 898 2024 movisset,
926 1963 1041 2013 nisi
1067 1966 1222 2013 hunc
1249 1965 1305 2014 C.
1330 1964 1544 2014 Claudi
1570 1964 1770 2013 fratris

75 2045 182 2106 osui
214 2046 655 2111 competitorem
682 2048 805 2096 fore
830 2054 1113 2111 putasset.
1190 2045 1306 2108 Qui
1332 2045 1455 2095 sive
1480 2046 1769 2110 patricius

50 2116 51 2166 j
92 2123 216 2204 {ive
239 2128 512 2193 plebeius
537 2129 1028 2179 esset—-nondum
1055 2127 1210 2178 enim
1236 2136 1460 2177 certum
1487 2127 1770 2178 constitu-

50 2200 51 2240 7
91 2217 214 2261 'tum
240 2219 560 2261 erat—cum
586 2211 691 2261 illo
718 2210 811 2261 sibi
837 2210 1290 2261 contentionem
1317 2212 1442 2260 fore
1467 2211 1726 2275 putabat.

48 2344 50 2358 Ε
92 2277 106 2321 i
163 2294 382 2342 Fuerunt
407 2292 540 2343 enim
566 2294 696 2343 duae
726 2292 940 2343 familiae
974 2292 1216 2344 Claudiae
1240 2312 1250 2342 z
1287 2310 1455 2343 earum
1487 2309 1615 2357 quae
1642 2294 1772 2342 Mar-

150 2436 177 2474 3
204 2436 316 2475 pene
336 2437 448 2464 max.
471 2423 510 2464 S
618 2424 769 2464 Asiam
790 2427 835 2477 Σ,
859 2437 958 2464 corr.
983 2424 1193 2465 Beraldus
1347 2438 1372 2475 4
1403 2424 1528 2466 iulius
1549 2425 1587 2465 S
1745 2431 1773 2468 6

48 2509 51 2528 ,
80 2472 251 2530 {pensor
270 2478 473 2531 Madvig:
502 2484 649 2531 pretor
668 2483 700 2520 Σ
785 2479 940 2532 Gaius]
960 2479 1007 2520 C.
1027 2478 1141 2519 PM:
1164 2493 1259 2519 cum
1281 2479 1319 2519 S
1439 2493 1461 2530 7
1493 2493 1644 2521 causas
1665 2481 1768 2529 SP1,

90 2540 195 2579 {corn
218 2533 419 2586 PoggiuS,
444 2532 497 2572 M
653 2536 679 2574 8
710 2534 755 2575 P.
784 2533 978 2586 Sulpicio
999 2533 1081 2574 ΚΞ
1102 2535 1165 2588 (in
1184 2534 1424 2589 Addendz's)
1537 2541 1589 2577 tr.
1612 2537 1667 2588 pl.
1690 2537 1773 2576 ΚΞ

48 2631 50 2642 ἶ
91 2598 128 2641 49
145 2589 302 2629 omissa
322 2590 466 2642 (omm.
491 2588 563 2641 Μ)
586 2588 681 2628 PM
693 2603 703 2629 z
733 2589 787 2629 ob
806 2590 966 2628 omissa
985 2589 1024 2628 S
1138 2602 1188 2630 10
1217 2591 1389 2630 resistat
1409 2589 1511 2642 SP¹‚
1535 2603 1636 2632 corr.
1661 2591 1768 2644 Pog-

93 2652 205 2697 31143,
230 2643 283 2683 Μ
413 2650 563 2695 postea
583 2643 647 2684 P:
677 2649 721 2684 et
742 2650 891 2695 postea
911 2643 1003 2684 SM
1199 2657 1244 2684 11
1278 2645 1391 2685 idem
1413 2675 1422 2685 .
1449 2675 1457 2684 .
1484 2675 1493 2685 .
1518 2646 1656 2687 bonus
1677 2660 1762 2688 om.

96 2716 139 2781 ‘S
249 2753 298 2780 12
329 2711 394 2781 s'ui
416 2711 623 2792 iemporis
643 2740 686 2779 P
808 2755 862 2782 20
891 2740 940 2782 C.
965 2740 1044 2783 Cic.
1071 2755 1081 2781 ε
1110 2754 1197 2782 om.
1218 2745 1249 2783 Σ
1361 2755 1410 2781 21
1443 2744 1767 2794 competitorem

48 2836 49 2847 ἦ
99 2786 165 2835 P:
193 2794 526 2848 compeditur-em
548 2794 586 2835 S
603 2811 612 2836 :
643 2797 973 2848 competitorem
993 2794 1047 2833 M
1194 2810 1247 2836 22
1278 2797 1467 2837 nondum
1490 2802 1548 2840 Σε
1577 2811 1664 2838 non
1687 2797 1764 2839 Cic.

48 2903 49 2909 1
92 2839 180 2903 pal.
200 2849 242 2889 A
335 2851 612 2891 constitutum
635 2857 726 2891 erat
747 2855 778 2892 Σ
797 2866 806 2891 :
836 2851 1117 2891 constituerat
1132 2850 1211 2892 Cic.
1325 2864 1379 2903 23
1408 2850 1481 2891 illo
1498 2856 1529 2894 Σ
1550 2867 1559 2892 :
1588 2853 1668 2894 hoc
1688 2851 1756 2894 cic

48 2934 50 3013 ὲ
98 2942 151 2996 ’94
179 2905 379 2988 Claudiae
399 2916 588 2988 iilamiliae
608 2949 650 2988 P
785 2960 1017 2999 earumque
1039 2947 1074 2989 Σ
1096 2963 1105 2989 :
1137 2962 1238 2989 corr.
1263 2947 1470 2989 Lodoicus
