<?xml version="1.0" encoding="UTF-8"?>
<!DOCTYPE html PUBLIC "-//W3C//DTD XHTML 1.0 Transitional//EN"
    "http://www.w3.org/TR/xhtml1/DTD/xhtml1-transitional.dtd">
<html xmlns="http://www.w3.org/1999/xhtml" xml:lang="en" lang="en">
 <head>
  <title>
</title>
<meta http-equiv="Content-Type" content="text/html;charset=utf-8" />
  <meta name='ocr-system' content='tesseract 3.04.00' />
  <meta name='ocr-capabilities' content='ocr_page ocr_carea ocr_par ocr_line ocrx_word'/>
</head>
<body>
  <div class='ocr_page' id='page_1' title='image "./qasconiipedianio00ascouoft_0118.png"; bbox 0 0 1988 3334; ppageno 0'>
   <div class='ocr_carea' id='block_1_1' title="bbox 1864 388 1988 3334">
    <p class='ocr_par' dir='ltr' id='par_1_1' title="bbox 1864 388 1988 3334">
     <span class='ocr_line' id='line_1_1' title="bbox 1882 388 1988 812; baseline 0 -165"><span class='ocrx_word' id='word_1_1' title='bbox 1882 388 1988 812; x_wconf 95' lang='lat' dir='ltr'><strong>     </strong></span> 
     </span>
     <span class='ocr_line' id='line_1_2' title="bbox 1864 812 1988 975; baseline 0 0"><span class='ocrx_word' id='word_1_2' title='bbox 1864 812 1988 975; x_wconf 95' lang='lat' dir='ltr'><strong>   </strong></span> 
     </span>
     <span class='ocr_line' id='line_1_3' title="bbox 1878 975 1988 1220; baseline 0 0"><span class='ocrx_word' id='word_1_3' title='bbox 1878 975 1988 1220; x_wconf 95' lang='lat' dir='ltr'><strong>    </strong></span> 
     </span>
     <span class='ocr_line' id='line_1_4' title="bbox 1882 1220 1988 1384; baseline 0 0"><span class='ocrx_word' id='word_1_4' title='bbox 1882 1220 1988 1384; x_wconf 95' lang='lat' dir='ltr'><strong>   </strong></span> 
     </span>
     <span class='ocr_line' id='line_1_5' title="bbox 1882 1384 1988 1432; baseline 0 1902"><span class='ocrx_word' id='word_1_5' title='bbox 1882 1384 1988 1432; x_wconf 95' lang='lat' dir='ltr'><strong> </strong></span> 
     </span>
     <span class='ocr_line' id='line_1_6' title="bbox 1878 1432 1988 1678; baseline 0 -51"><span class='ocrx_word' id='word_1_6' title='bbox 1878 1432 1988 1678; x_wconf 95' lang='lat' dir='ltr'><strong>    </strong></span> 
     </span>
     <span class='ocr_line' id='line_1_7' title="bbox 1864 1678 1988 1951; baseline 0 -77"><span class='ocrx_word' id='word_1_7' title='bbox 1864 1678 1988 1951; x_wconf 95' lang='lat' dir='ltr'><strong>    </strong></span> 
     </span>
     <span class='ocr_line' id='line_1_8' title="bbox 1879 1951 1988 2003; baseline 0 1331"><span class='ocrx_word' id='word_1_8' title='bbox 1879 1951 1988 2003; x_wconf 95' lang='lat' dir='ltr'><strong> </strong></span> 
     </span>
     <span class='ocr_line' id='line_1_9' title="bbox 1864 2003 1988 2201; baseline 0 0"><span class='ocrx_word' id='word_1_9' title='bbox 1864 2003 1988 2201; x_wconf 95' lang='lat' dir='ltr'><strong>   </strong></span> 
     </span>
     <span class='ocr_line' id='line_1_10' title="bbox 1875 2201 1988 2330; baseline 0 0"><span class='ocrx_word' id='word_1_10' title='bbox 1875 2201 1988 2330; x_wconf 95' lang='lat' dir='ltr'><strong>  </strong></span> 
     </span>
     <span class='ocr_line' id='line_1_11' title="bbox 1874 2330 1988 2572; baseline 0 0"><span class='ocrx_word' id='word_1_11' title='bbox 1874 2330 1988 2572; x_wconf 95' lang='lat' dir='ltr'><strong>    </strong></span> 
     </span>
     <span class='ocr_line' id='line_1_12' title="bbox 1864 2572 1988 2735; baseline 0 -105"><span class='ocrx_word' id='word_1_12' title='bbox 1864 2572 1988 2735; x_wconf 95' lang='lat' dir='ltr'><strong>   </strong></span> 
     </span>
     <span class='ocr_line' id='line_1_13' title="bbox 1872 2735 1988 2844; baseline 0 -56"><span class='ocrx_word' id='word_1_13' title='bbox 1872 2735 1988 2844; x_wconf 95' lang='lat' dir='ltr'><strong>  </strong></span> 
     </span>
     <span class='ocr_line' id='line_1_14' title="bbox 1864 2844 1988 3334; baseline 0 -286"><span class='ocrx_word' id='word_1_14' title='bbox 1864 2844 1988 3334; x_wconf 95' lang='lat' dir='ltr'><strong>   </strong></span> 
     </span>
    </p>
   </div>
   <div class='ocr_carea' id='block_1_2' title="bbox 216 135 1222 196">
    <p class='ocr_par' dir='ltr' id='par_1_2' title="bbox 216 135 1222 196">
     <span class='ocr_line' id='line_1_15' title="bbox 216 135 1222 196; baseline 0 -14"><span class='ocrx_word' id='word_1_15' title='bbox 216 138 275 196; x_wconf 90' lang='lat'><strong>76</strong></span> <span class='ocrx_word' id='word_1_16' title='bbox 338 176 374 183; x_wconf 9' lang='lat' dir='ltr'><strong>„u</strong></span> <span class='ocrx_word' id='word_1_17' title='bbox 877 135 1222 184; x_wconf 78' lang='lat' dir='ltr'><strong>AScomvs</strong></span> 
     </span>
    </p>
   </div>
   <div class='ocr_carea' id='block_1_3' title="bbox 119 269 1965 2540">
    <p class='ocr_par' dir='ltr' id='par_1_3' title="bbox 211 269 1965 604">
     <span class='ocr_line' id='line_1_16' title="bbox 211 269 1965 339; baseline 0 -16"><span class='ocrx_word' id='word_1_18' title='bbox 211 275 348 338; x_wconf 93' lang='lat' dir='ltr'><strong>quod</strong></span> <span class='ocrx_word' id='word_1_19' title='bbox 375 275 552 325; x_wconf 88' lang='lat' dir='ltr'><strong>Cicero</strong></span> <span class='ocrx_word' id='word_1_20' title='bbox 589 274 843 338; x_wconf 88' lang='lat' dir='ltr'><strong>significat,</strong></span> <span class='ocrx_word' id='word_1_21' title='bbox 883 282 931 323; x_wconf 93' lang='lat' dir='ltr'><strong>et</strong></span> <span class='ocrx_word' id='word_1_22' title='bbox 968 274 1153 323; x_wconf 90' lang='lat' dir='ltr'><strong>maiore</strong></span> <span class='ocrx_word' id='word_1_23' title='bbox 1191 290 1341 323; x_wconf 90' lang='lat' dir='ltr'><strong>manu</strong></span> <span class='ocrx_word' id='word_1_24' title='bbox 1379 274 1586 339; x_wconf 90' lang='lat' dir='ltr'><strong>stipatus</strong></span> <span class='ocrx_word' id='word_1_25' title='bbox 1621 275 1687 323; x_wconf 90' lang='lat' dir='ltr'><strong>ad</strong></span> <span class='ocrx_word' id='word_1_26' title='bbox 1722 275 1882 338; x_wconf 88' lang='lat' dir='ltr'><strong>legem</strong></span> <span class='ocrx_word' id='word_1_27' title='bbox 1939 269 1965 336; x_wconf 62' lang='lat'><strong>:¹</strong></span> 
     </span>
     <span class='ocr_line' id='line_1_17' title="bbox 211 333 1965 441; baseline 0.001 -35"><span class='ocrx_word' id='word_1_28' title='bbox 211 357 554 419; x_wconf 84' lang='lat' dir='ltr'><strong>perferendam</strong></span> <span class='ocrx_word' id='word_1_29' title='bbox 580 357 920 405; x_wconf 85' lang='lat' dir='ltr'><strong>descenderat.</strong></span> <span class='ocrx_word' id='word_1_30' title='bbox 1873 373 1881 399; x_wconf 75' lang='lat'><em>1</em></span> <span class='ocrx_word' id='word_1_31' title='bbox 1936 333 1965 441; x_wconf 59' lang='lat'><strong>{¹</strong></span> 
     </span>
     <span class='ocr_line' id='line_1_18' title="bbox 279 435 1965 498; baseline 0 -12"><span class='ocrx_word' id='word_1_32' title='bbox 279 438 484 487; x_wconf 90' lang='lat' dir='ltr'><strong>Plebem</strong></span> <span class='ocrx_word' id='word_1_33' title='bbox 519 454 579 487; x_wconf 85' lang='lat' dir='ltr'><strong>ex</strong></span> <span class='ocrx_word' id='word_1_34' title='bbox 609 436 885 486; x_wconf 90' lang='lat' dir='ltr'><strong>Maniliana</strong></span> <span class='ocrx_word' id='word_1_35' title='bbox 913 436 1188 488; x_wconf 86' lang='lat' dir='ltr'><strong>offensione</strong></span> <span class='ocrx_word' id='word_1_36' title='bbox 1212 436 1394 487; x_wconf 91' lang='lat' dir='ltr'><strong>victam</strong></span> <span class='ocrx_word' id='word_1_37' title='bbox 1427 445 1476 487; x_wconf 92' lang='lat' dir='ltr'><strong>et</strong></span> <span class='ocrx_word' id='word_1_38' title='bbox 1500 435 1740 487; x_wconf 86' lang='lat' dir='ltr'><strong>domitam</strong></span> <span class='ocrx_word' id='word_1_39' title='bbox 1775 452 1883 486; x_wconf 90' lang='lat' dir='ltr'><strong>esse</strong></span> <span class='ocrx_word' id='word_1_40' title='bbox 1935 446 1965 498; x_wconf 43' lang='grc' dir='ltr'><strong>,Α</strong></span> 
     </span>
     <span class='ocr_line' id='line_1_19' title="bbox 213 518 1965 604; baseline 0.001 -37"><span class='ocrx_word' id='word_1_41' title='bbox 213 518 364 568; x_wconf 80' lang='lat' dir='ltr'><strong>dicit:</strong></span> <span class='ocrx_word' id='word_1_42' title='bbox 1894 542 1899 563; x_wconf 79' lang='grc' dir='ltr'>ῑ</span> <span class='ocrx_word' id='word_1_43' title='bbox 1936 522 1965 604; x_wconf 48' lang='lat' dir='ltr'><strong>ff</strong></span> 
     </span>
    </p>

    <p class='ocr_par' dir='ltr' id='par_1_4' title="bbox 119 588 1964 1971">
     <span class='ocr_line' id='line_1_20' title="bbox 183 588 1946 664; baseline 0.002 -16"><span class='ocrx_word' id='word_1_44' title='bbox 183 655 186 657; x_wconf 15' lang='grc' dir='ltr'><strong>Α</strong></span> <span class='ocrx_word' id='word_1_45' title='bbox 278 599 460 649; x_wconf 90' lang='lat' dir='ltr'>Aiunt</span> <span class='ocrx_word' id='word_1_46' title='bbox 523 608 755 649; x_wconf 90' lang='lat' dir='ltr'><strong>vestros</strong></span> <span class='ocrx_word' id='word_1_47' title='bbox 820 588 1070 648; x_wconf 70' lang='lat' dir='ltr'><strong>animos&#39;</strong></span> <span class='ocrx_word' id='word_1_48' title='bbox 1114 608 1358 664; x_wconf 91' lang='lat' dir='ltr'><strong>propter</strong></span> <span class='ocrx_word' id='word_1_49' title='bbox 1421 598 1588 648; x_wconf 92' lang='lat' dir='ltr'><strong>illius</strong></span> <span class='ocrx_word' id='word_1_50' title='bbox 1655 597 1882 649; x_wconf 90' lang='lat' dir='ltr'><strong>tribuni·</strong></span> <span class='ocrx_word' id='word_1_51' title='bbox 1936 642 1946 658; x_wconf 58' lang='grc'><strong>,,</strong></span> 
     </span>
     <span class='ocr_line' id='line_1_21' title="bbox 210 680 1964 749; baseline 0.001 -19"><span class='ocrx_word' id='word_1_52' title='bbox 210 681 403 746; x_wconf 90' lang='lat' dir='ltr'><strong>plebis</strong></span> <span class='ocrx_word' id='word_1_53' title='bbox 429 681 829 731; x_wconf 87' lang='lat' dir='ltr'><strong>temeritatem</strong></span> <span class='ocrx_word' id='word_1_54' title='bbox 854 697 1029 746; x_wconf 91' lang='lat' dir='ltr'><strong>posse</strong></span> <span class='ocrx_word' id='word_1_55' title='bbox 1052 681 1270 731; x_wconf 90' lang='lat' dir='ltr'><strong>adduci</strong></span> <span class='ocrx_word' id='word_1_56' title='bbox 1295 690 1356 731; x_wconf 93' lang='lat' dir='ltr'><strong>ut</strong></span> <span class='ocrx_word' id='word_1_57' title='bbox 1380 680 1625 731; x_wconf 92' lang='lat' dir='ltr'><strong>omnino</strong></span> <span class='ocrx_word' id='word_1_58' title='bbox 1651 682 1883 731; x_wconf 82' lang='lat' dir='ltr'><strong>nomine</strong></span> <span class='ocrx_word' id='word_1_59' title='bbox 1948 694 1964 749; x_wconf 53' lang='lat' dir='ltr'><em>J</em></span> 
     </span>
     <span class='ocr_line' id='line_1_22' title="bbox 210 762 1964 834; baseline 0.002 -22"><span class='ocrx_word' id='word_1_60' title='bbox 210 763 373 812; x_wconf 92' lang='lat' dir='ltr'><strong>illius</strong></span> <span class='ocrx_word' id='word_1_61' title='bbox 428 762 745 827; x_wconf 91' lang='lat' dir='ltr'><strong>potestatis</strong></span> <span class='ocrx_word' id='word_1_62' title='bbox 804 762 1261 825; x_wconf 84' lang='lat' dir='ltr'><strong>abalienentur3</strong></span> <span class='ocrx_word' id='word_1_63' title='bbox 1329 763 1431 828; x_wconf 92' lang='lat' dir='ltr'><strong>qui</strong></span> <span class='ocrx_word' id='word_1_64' title='bbox 1489 762 1899 815; x_wconf 90' lang='lat' dir='ltr'><strong>restituerunt</strong></span> <span class='ocrx_word' id='word_1_65' title='bbox 1946 786 1964 834; x_wconf 44' lang='grc' dir='ltr'><em>χ</em></span> 
     </span>
     <span class='ocr_line' id='line_1_23' title="bbox 211 844 1882 909; baseline 0.001 -15"><span class='ocrx_word' id='word_1_66' title='bbox 211 861 334 894; x_wconf 91' lang='lat' dir='ltr'><strong>eam</strong></span> <span class='ocrx_word' id='word_1_67' title='bbox 370 852 748 908; x_wconf 90' lang='lat' dir='ltr'><strong>potestatem,</strong></span> <span class='ocrx_word' id='word_1_68' title='bbox 783 847 1037 894; x_wconf 93' lang='lat' dir='ltr'><strong>alterum</strong></span> <span class='ocrx_word' id='word_1_69' title='bbox 1070 844 1223 893; x_wconf 91' lang='lat' dir='ltr'><strong>nihil</strong></span> <span class='ocrx_word' id='word_1_70' title='bbox 1253 861 1432 894; x_wconf 93' lang='lat' dir='ltr'><strong>unum</strong></span> <span class='ocrx_word' id='word_1_71' title='bbox 1466 860 1640 909; x_wconf 90' lang='lat' dir='ltr'><strong>posse</strong></span> <span class='ocrx_word' id='word_1_72' title='bbox 1673 852 1882 895; x_wconf 89' lang='lat' dir='ltr'><strong>contra</strong></span> 
     </span>
     <span class='ocr_line' id='line_1_24' title="bbox 211 926 1964 999; baseline 0.001 -24"><span class='ocrx_word' id='word_1_73' title='bbox 211 928 443 988; x_wconf 83' lang='lat' dir='ltr'><strong>multOS,</strong></span> <span class='ocrx_word' id='word_1_74' title='bbox 482 927 735 976; x_wconf 87' lang='lat' dir='ltr'><strong>alterum</strong></span> <span class='ocrx_word' id='word_1_75' title='bbox 772 928 948 990; x_wconf 88' lang='lat' dir='ltr'><strong>longe</strong></span> <span class='ocrx_word' id='word_1_76' title='bbox 982 926 1231 976; x_wconf 88' lang='lat' dir='ltr'><strong>abesse?</strong></span> <span class='ocrx_word' id='word_1_77' title='bbox 1962 989 1964 999; x_wconf 49' lang='lat'>‚</span> 
     </span>
     <span class='ocr_line' id='line_1_25' title="bbox 280 1001 1964 1072; baseline 0.002 -15"><span class='ocrx_word' id='word_1_78' title='bbox 280 1007 605 1058; x_wconf 90' lang='lat' dir='ltr'><strong>Manifestum</strong></span> <span class='ocrx_word' id='word_1_79' title='bbox 641 1017 764 1072; x_wconf 93' lang='lat' dir='ltr'><strong>puto</strong></span> <span class='ocrx_word' id='word_1_80' title='bbox 803 1025 911 1058; x_wconf 90' lang='lat' dir='ltr'><strong>esse</strong></span> <span class='ocrx_word' id='word_1_81' title='bbox 946 1008 1089 1058; x_wconf 89' lang='lat' dir='ltr'><strong>vobis</strong></span> <span class='ocrx_word' id='word_1_82' title='bbox 1134 1011 1205 1058; x_wconf 92' lang='lat' dir='ltr'><strong>M.</strong></span> <span class='ocrx_word' id='word_1_83' title='bbox 1247 1009 1483 1059; x_wconf 90' lang='lat' dir='ltr'><strong>Crassum</strong></span> <span class='ocrx_word' id='word_1_84' title='bbox 1518 1016 1568 1058; x_wconf 92' lang='lat' dir='ltr'><strong>et</strong></span> <span class='ocrx_word' id='word_1_85' title='bbox 1606 1009 1699 1059; x_wconf 91' lang='lat' dir='ltr'><strong>Cn.</strong></span> <span class='ocrx_word' id='word_1_86' title='bbox 1739 1009 1904 1060; x_wconf 91' lang='lat' dir='ltr'><strong>Pom·</strong></span> <span class='ocrx_word' id='word_1_87' title='bbox 1942 1001 1964 1062; x_wconf 58' lang='grc' dir='ltr'><strong>’ἷῖ</strong></span> 
     </span>
     <span class='ocr_line' id='line_1_26' title="bbox 208 1089 1883 1154; baseline 0.002 -14"><span class='ocrx_word' id='word_1_88' title='bbox 208 1089 378 1154; x_wconf 91' lang='lat' dir='ltr'><strong>peium</strong></span> <span class='ocrx_word' id='word_1_89' title='bbox 421 1090 697 1154; x_wconf 88' lang='lat' dir='ltr'><strong>significari,</strong></span> <span class='ocrx_word' id='word_1_90' title='bbox 737 1107 764 1140; x_wconf 96' lang='lat' dir='ltr'><strong>e</strong></span> <span class='ocrx_word' id='word_1_91' title='bbox 801 1090 982 1154; x_wconf 92' lang='lat' dir='ltr'><strong>quibus</strong></span> <span class='ocrx_word' id='word_1_92' title='bbox 1019 1091 1226 1141; x_wconf 89' lang='lat' dir='ltr'><strong>Crassus</strong></span> <span class='ocrx_word' id='word_1_93' title='bbox 1262 1090 1411 1141; x_wconf 87' lang='lat' dir='ltr'><strong>iudex</strong></span> <span class='ocrx_word' id='word_1_94' title='bbox 1446 1099 1553 1140; x_wconf 90' lang='lat' dir='ltr'><strong>tum</strong></span> <span class='ocrx_word' id='word_1_95' title='bbox 1589 1091 1795 1140; x_wconf 90' lang='lat' dir='ltr'><strong>sedebat</strong></span> <span class='ocrx_word' id='word_1_96' title='bbox 1831 1089 1883 1140; x_wconf 90' lang='lat' dir='ltr'><strong>in</strong></span> 
     </span>
     <span class='ocr_line' id='line_1_27' title="bbox 211 1172 1878 1237; baseline -0.001 -13"><span class='ocrx_word' id='word_1_97' title='bbox 211 1172 515 1234; x_wconf 91' lang='lat' dir='ltr'><strong>Cornelium,</strong></span> <span class='ocrx_word' id='word_1_98' title='bbox 538 1172 807 1237; x_wconf 88' lang='lat' dir='ltr'><strong>Pompeius</strong></span> <span class='ocrx_word' id='word_1_99' title='bbox 832 1172 883 1222; x_wconf 91' lang='lat' dir='ltr'><strong>in</strong></span> <span class='ocrx_word' id='word_1_100' title='bbox 900 1172 1020 1222; x_wconf 89' lang='lat' dir='ltr'><strong>Asia</strong></span> <span class='ocrx_word' id='word_1_101' title='bbox 1039 1173 1226 1223; x_wconf 93' lang='lat' dir='ltr'><strong>bellurn</strong></span> <span class='ocrx_word' id='word_1_102' title='bbox 1249 1172 1646 1222; x_wconf 90' lang='lat' dir='ltr'><strong>Mithridaticum</strong></span> <span class='ocrx_word' id='word_1_103' title='bbox 1666 1172 1878 1236; x_wconf 88' lang='lat' dir='ltr'><strong>gerebat.</strong></span> 
     </span>
     <span class='ocr_line' id='line_1_28' title="bbox 278 1253 1963 1319; baseline 0.001 -16"><span class='ocrx_word' id='word_1_104' title='bbox 278 1256 469 1304; x_wconf 93' lang='lat' dir='ltr'><strong>Tanta</strong></span> <span class='ocrx_word' id='word_1_105' title='bbox 500 1254 682 1318; x_wconf 91' lang='lat' dir='ltr'><strong>igitur</strong></span> <span class='ocrx_word' id='word_1_106' title='bbox 713 1253 771 1303; x_wconf 92' lang='lat' dir='ltr'><strong>in</strong></span> <span class='ocrx_word' id='word_1_107' title='bbox 801 1253 923 1303; x_wconf 89' lang='lat' dir='ltr'><strong>illis</strong></span> <span class='ocrx_word' id='word_1_108' title='bbox 956 1254 1145 1304; x_wconf 90' lang='lat' dir='ltr'><strong>virtus</strong></span> <span class='ocrx_word' id='word_1_109' title='bbox 1182 1254 1294 1304; x_wconf 90' lang='lat' dir='ltr'><strong>fuit</strong></span> <span class='ocrx_word' id='word_1_110' title='bbox 1330 1263 1390 1304; x_wconf 95' lang='lat' dir='ltr'><strong>ut</strong></span> <span class='ocrx_word' id='word_1_111' title='bbox 1417 1271 1575 1304; x_wconf 94' lang='lat' dir='ltr'><strong>anno</strong></span> <span class='ocrx_word' id='word_1_112' title='bbox 1612 1269 1717 1303; x_wconf 79' lang='lat' dir='ltr'><strong>xvi</strong></span> <span class='ocrx_word' id='word_1_113' title='bbox 1747 1262 1883 1319; x_wconf 92' lang='lat' dir='ltr'><strong>post</strong></span> <span class='ocrx_word' id='word_1_114' title='bbox 1937 1256 1963 1318; x_wconf 24' lang='lat' dir='ltr'><strong>&#39;s</strong></span> 
     </span>
     <span class='ocr_line' id='line_1_29' title="bbox 210 1335 1963 1402; baseline 0.001 -18"><span class='ocrx_word' id='word_1_115' title='bbox 210 1352 375 1399; x_wconf 91' lang='lat' dir='ltr'><strong>reges</strong></span> <span class='ocrx_word' id='word_1_116' title='bbox 419 1344 664 1386; x_wconf 89' lang='lat' dir='ltr'><strong>exactos</strong></span> <span class='ocrx_word' id='word_1_117' title='bbox 705 1344 950 1400; x_wconf 90' lang='lat' dir='ltr'><strong>propter</strong></span> <span class='ocrx_word' id='word_1_118' title='bbox 992 1335 1232 1385; x_wconf 91' lang='lat' dir='ltr'><strong>nimiam</strong></span> <span class='ocrx_word' id='word_1_119' title='bbox 1275 1335 1749 1386; x_wconf 88' lang='lat' dir='ltr'><strong>dominationem</strong></span> <span class='ocrx_word' id='word_1_120' title='bbox 1791 1352 1901 1400; x_wconf 81' lang='lat' dir='ltr'><strong>po·</strong></span> <span class='ocrx_word' id='word_1_121' title='bbox 1935 1363 1963 1402; x_wconf 58' lang='lat' dir='ltr'><em>y</em></span> 
     </span>
     <span class='ocr_line' id='line_1_30' title="bbox 212 1417 1882 1483; baseline 0 -16"><span class='ocrx_word' id='word_1_122' title='bbox 212 1417 464 1467; x_wconf 91' lang='lat' dir='ltr'><strong>tentium</strong></span> <span class='ocrx_word' id='word_1_123' title='bbox 501 1419 867 1478; x_wconf 90' lang='lat' dir='ltr'><strong>secederent,</strong></span> <span class='ocrx_word' id='word_1_124' title='bbox 907 1420 1072 1482; x_wconf 87' lang='lat' dir='ltr'><strong>leges</strong></span> <span class='ocrx_word' id='word_1_125' title='bbox 1109 1427 1372 1468; x_wconf 90' lang='lat' dir='ltr'><strong>sacratas</strong></span> <span class='ocrx_word' id='word_1_126' title='bbox 1414 1418 1529 1483; x_wconf 91' lang='lat' dir='ltr'><strong>ipsi</strong></span> <span class='ocrx_word' id='word_1_127' title='bbox 1565 1417 1680 1467; x_wconf 89' lang='lat' dir='ltr'><strong>sibi</strong></span> <span class='ocrx_word' id='word_1_128' title='bbox 1721 1417 1882 1467; x_wconf 89' lang='lat' dir='ltr'><strong>resti·</strong></span> 
     </span>
     <span class='ocr_line' id='line_1_31' title="bbox 119 1490 1953 1573; baseline -0.001 -25"><span class='ocrx_word' id='word_1_129' title='bbox 119 1506 463 1560; x_wconf 87' lang='lat' dir='ltr'><strong>68tuerent,</strong></span> <span class='ocrx_word' id='word_1_130' title='bbox 522 1501 638 1549; x_wconf 92' lang='lat' dir='ltr'><strong>duo</strong></span> <span class='ocrx_word' id='word_1_131' title='bbox 702 1498 980 1549; x_wconf 91' lang='lat' dir='ltr'><strong>tribunos</strong></span> <span class='ocrx_word' id='word_1_132' title='bbox 1045 1509 1331 1560; x_wconf 89' lang='lat' dir='ltr'><strong>crearent,</strong></span> <span class='ocrx_word' id='word_1_133' title='bbox 1393 1508 1654 1549; x_wconf 91' lang='lat' dir='ltr'><strong>montem</strong></span> <span class='ocrx_word' id='word_1_134' title='bbox 1712 1490 1900 1548; x_wconf 54' lang='lat' dir='ltr'><strong>illum-⁴</strong></span> <span class='ocrx_word' id='word_1_135' title='bbox 1950 1560 1953 1573; x_wconf 43' lang='grc' dir='ltr'>Ι</span> 
     </span>
     <span class='ocr_line' id='line_1_32' title="bbox 212 1579 1954 1645; baseline -0.001 -15"><span class='ocrx_word' id='word_1_136' title='bbox 212 1590 374 1630; x_wconf 90' lang='lat' dir='ltr'><strong>trans</strong></span> <span class='ocrx_word' id='word_1_137' title='bbox 417 1580 705 1630; x_wconf 90' lang='lat' dir='ltr'><strong>Anienem</strong></span> <span class='ocrx_word' id='word_1_138' title='bbox 744 1580 843 1645; x_wconf 92' lang='lat' dir='ltr'><strong>qui</strong></span> <span class='ocrx_word' id='word_1_139' title='bbox 883 1580 1063 1631; x_wconf 91' lang='lat' dir='ltr'><strong>hodie</strong></span> <span class='ocrx_word' id='word_1_140' title='bbox 1102 1583 1275 1630; x_wconf 90' lang='lat' dir='ltr'><strong>Mons</strong></span> <span class='ocrx_word' id='word_1_141' title='bbox 1313 1583 1487 1631; x_wconf 89' lang='lat' dir='ltr'><strong>Sacer</strong></span> <span class='ocrx_word' id='word_1_142' title='bbox 1525 1579 1878 1641; x_wconf 89' lang='lat' dir='ltr'><strong>nominatur,</strong></span> <span class='ocrx_word' id='word_1_143' title='bbox 1950 1610 1954 1620; x_wconf 65' lang='lat'><strong>.,</strong></span> 
     </span>
     <span class='ocr_line' id='line_1_33' title="bbox 211 1660 1880 1726; baseline 0.001 -16"><span class='ocrx_word' id='word_1_144' title='bbox 211 1662 269 1710; x_wconf 90' lang='lat' dir='ltr'><strong>in</strong></span> <span class='ocrx_word' id='word_1_145' title='bbox 325 1678 440 1726; x_wconf 89' lang='lat' dir='ltr'><strong>quo</strong></span> <span class='ocrx_word' id='word_1_146' title='bbox 495 1662 704 1712; x_wconf 90' lang='lat' dir='ltr'><strong>armati</strong></span> <span class='ocrx_word' id='word_1_147' title='bbox 761 1664 1178 1723; x_wconf 90' lang='lat' dir='ltr'><strong>consederant,</strong></span> <span class='ocrx_word' id='word_1_148' title='bbox 1232 1671 1511 1712; x_wconf 90' lang='lat' dir='ltr'><strong>aeternae</strong></span> <span class='ocrx_word' id='word_1_149' title='bbox 1565 1660 1880 1712; x_wconf 87' lang='lat' dir='ltr'><strong>memoriae</strong></span> 
     </span>
     <span class='ocr_line' id='line_1_34' title="bbox 211 1744 1878 1809; baseline 0 -16"><span class='ocrx_word' id='word_1_150' title='bbox 211 1760 388 1793; x_wconf 88' lang='lat' dir='ltr'><strong>causa</strong></span> <span class='ocrx_word' id='word_1_151' title='bbox 451 1754 888 1794; x_wconf 91' lang='lat' dir='ltr'><strong>consecrarent.</strong></span> <span class='ocrx_word' id='word_1_152' title='bbox 987 1746 1198 1808; x_wconf 91' lang='lat' dir='ltr'><strong>Itaque</strong></span> <span class='ocrx_word' id='word_1_153' title='bbox 1256 1744 1572 1809; x_wconf 92' lang='lat' dir='ltr'><strong>auspicato</strong></span> <span class='ocrx_word' id='word_1_154' title='bbox 1638 1752 1878 1808; x_wconf 91' lang='lat' dir='ltr'><strong>postero</strong></span> 
     </span>
     <span class='ocr_line' id='line_1_35' title="bbox 209 1814 1886 1889; baseline 0.001 -15"><span class='ocrx_word' id='word_1_155' title='bbox 209 1842 364 1874; x_wconf 91' lang='lat' dir='ltr'><strong>anno</strong></span> <span class='ocrx_word' id='word_1_156' title='bbox 406 1835 467 1874; x_wconf 88' lang='lat' dir='ltr'><strong>tr.</strong></span> <span class='ocrx_word' id='word_1_157' title='bbox 507 1827 577 1889; x_wconf 90' lang='lat' dir='ltr'><strong>pl.</strong></span> <span class='ocrx_word' id='word_1_158' title='bbox 618 1825 881 1875; x_wconf 92' lang='lat' dir='ltr'><strong>comitiis</strong></span> <span class='ocrx_word' id='word_1_159' title='bbox 917 1825 1166 1875; x_wconf 91' lang='lat' dir='ltr'><strong>curiatis</strong></span> <span class='ocrx_word' id='word_1_160' title='bbox 1202 1825 1387 1876; x_wconf 90' lang='lat' dir='ltr'><strong>creati</strong></span> <span class='ocrx_word' id='word_1_161' title='bbox 1423 1835 1572 1875; x_wconf 90' lang='lat' dir='ltr'><strong>sunt.</strong></span> <span class='ocrx_word' id='word_1_162' title='bbox 1882 1814 1886 1822; x_wconf 46' lang='lat'><strong><em>¹</em></strong></span> 
     </span>
     <span class='ocr_line' id='line_1_36' title="bbox 279 1906 1876 1971; baseline 0.001 -16"><span class='ocrx_word' id='word_1_163' title='bbox 279 1907 499 1956; x_wconf 92' lang='lat' dir='ltr'><strong>Inducor</strong></span> <span class='ocrx_word' id='word_1_164' title='bbox 523 1906 677 1970; x_wconf 88' lang='lat' dir='ltr'><strong>magis</strong></span> <span class='ocrx_word' id='word_1_165' title='bbox 710 1906 1019 1956; x_wconf 90' lang='lat' dir='ltr'><strong>librariorum</strong></span> <span class='ocrx_word' id='word_1_166' title='bbox 1052 1909 1149 1957; x_wconf 93' lang='lat' dir='ltr'><strong>hoc</strong></span> <span class='ocrx_word' id='word_1_167' title='bbox 1181 1909 1294 1956; x_wconf 90' lang='lat' dir='ltr'><strong>loco</strong></span> <span class='ocrx_word' id='word_1_168' title='bbox 1327 1923 1435 1957; x_wconf 90' lang='lat' dir='ltr'><strong>esse</strong></span> <span class='ocrx_word' id='word_1_169' title='bbox 1468 1908 1702 1958; x_wconf 90' lang='lat' dir='ltr'><strong>mendam</strong></span> <span class='ocrx_word' id='word_1_170' title='bbox 1729 1923 1876 1971; x_wconf 88' lang='lat' dir='ltr'><strong>quam</strong></span> 
     </span>
    </p>

    <p class='ocr_par' dir='ltr' id='par_1_5' title="bbox 206 1988 1958 2540">
     <span class='ocr_line' id='line_1_37' title="bbox 210 1988 1879 2054; baseline 0 -16"><span class='ocrx_word' id='word_1_171' title='bbox 210 1998 263 2038; x_wconf 89' lang='lat' dir='ltr'><strong>ut</strong></span> <span class='ocrx_word' id='word_1_172' title='bbox 288 1988 585 2040; x_wconf 90' lang='lat' dir='ltr'><strong>Ciceronem</strong></span> <span class='ocrx_word' id='word_1_173' title='bbox 611 2005 784 2053; x_wconf 92' lang='lat' dir='ltr'><strong>parum</strong></span> <span class='ocrx_word' id='word_1_174' title='bbox 810 1989 1009 2054; x_wconf 92' lang='lat' dir='ltr'><strong>proprio</strong></span> <span class='ocrx_word' id='word_1_175' title='bbox 1035 1989 1187 2039; x_wconf 92' lang='lat' dir='ltr'><strong>verbo</strong></span> <span class='ocrx_word' id='word_1_176' title='bbox 1212 2005 1357 2039; x_wconf 88' lang='lat' dir='ltr'><strong>usum</strong></span> <span class='ocrx_word' id='word_1_177' title='bbox 1384 2006 1492 2039; x_wconf 90' lang='lat' dir='ltr'><strong>esse</strong></span> <span class='ocrx_word' id='word_1_178' title='bbox 1515 1990 1729 2039; x_wconf 88' lang='lat' dir='ltr'><strong>credam.</strong></span> <span class='ocrx_word' id='word_1_179' title='bbox 1784 1990 1879 2039; x_wconf 93' lang='lat' dir='ltr'><strong>Illo</strong></span> 
     </span>
     <span class='ocr_line' id='line_1_38' title="bbox 209 2059 1953 2135; baseline 0.001 -16"><span class='ocrx_word' id='word_1_180' title='bbox 209 2070 342 2119; x_wconf 87' lang='lat' dir='ltr'><strong>enim</strong></span> <span class='ocrx_word' id='word_1_181' title='bbox 379 2059 602 2133; x_wconf 88' lang='lat' dir='ltr'><strong>tempore</strong></span> <span class='ocrx_word' id='word_1_182' title='bbox 637 2072 702 2120; x_wconf 94' lang='lat' dir='ltr'><strong>de</strong></span> <span class='ocrx_word' id='word_1_183' title='bbox 739 2087 840 2135; x_wconf 91' lang='lat' dir='ltr'><strong>quo</strong></span> <span class='ocrx_word' id='word_1_184' title='bbox 876 2070 1106 2135; x_wconf 91' lang='lat' dir='ltr'><strong>loquitur,</strong></span> <span class='ocrx_word' id='word_1_185' title='bbox 1143 2072 1281 2135; x_wconf 94' lang='lat' dir='ltr'><strong>quod</strong></span> <span class='ocrx_word' id='word_1_186' title='bbox 1316 2070 1407 2120; x_wconf 87' lang='lat' dir='ltr'><strong>fuit</strong></span> <span class='ocrx_word' id='word_1_187' title='bbox 1443 2080 1555 2134; x_wconf 89' lang='lat' dir='ltr'><strong>post</strong></span> <span class='ocrx_word' id='word_1_188' title='bbox 1592 2086 1682 2119; x_wconf 86' lang='lat' dir='ltr'><strong>xvl</strong></span> <span class='ocrx_word' id='word_1_189' title='bbox 1721 2086 1878 2121; x_wconf 91' lang='lat' dir='ltr'><strong>annos</strong></span> <span class='ocrx_word' id='word_1_190' title='bbox 1949 2077 1953 2094; x_wconf 73' lang='lat'><em>¹</em></span> 
     </span>
     <span class='ocr_line' id='line_1_39' title="bbox 209 2151 1879 2217; baseline -0.001 -16"><span class='ocrx_word' id='word_1_191' title='bbox 209 2169 359 2216; x_wconf 90' lang='lat' dir='ltr'><strong>quam</strong></span> <span class='ocrx_word' id='word_1_192' title='bbox 385 2168 522 2215; x_wconf 88' lang='lat' dir='ltr'><strong>reges</strong></span> <span class='ocrx_word' id='word_1_193' title='bbox 556 2152 713 2202; x_wconf 88' lang='lat' dir='ltr'><strong>exacti</strong></span> <span class='ocrx_word' id='word_1_194' title='bbox 746 2162 874 2213; x_wconf 90' lang='lat' dir='ltr'><strong>sunt,</strong></span> <span class='ocrx_word' id='word_1_195' title='bbox 902 2153 1043 2217; x_wconf 89' lang='lat' dir='ltr'><strong>plebs</strong></span> <span class='ocrx_word' id='word_1_196' title='bbox 1077 2152 1171 2202; x_wconf 89' lang='lat' dir='ltr'><strong>sibi</strong></span> <span class='ocrx_word' id='word_1_197' title='bbox 1196 2154 1328 2216; x_wconf 88' lang='lat' dir='ltr'><strong>leges</strong></span> <span class='ocrx_word' id='word_1_198' title='bbox 1353 2161 1565 2202; x_wconf 89' lang='lat' dir='ltr'><strong>sacratas</strong></span> <span class='ocrx_word' id='word_1_199' title='bbox 1590 2169 1693 2201; x_wconf 92' lang='lat' dir='ltr'><strong>non</strong></span> <span class='ocrx_word' id='word_1_200' title='bbox 1718 2151 1879 2203; x_wconf 89' lang='lat' dir='ltr'><strong>resti-</strong></span> 
     </span>
     <span class='ocr_line' id='line_1_40' title="bbox 209 2233 1951 2298; baseline -0.001 -15"><span class='ocrx_word' id='word_1_201' title='bbox 209 2233 666 2297; x_wconf 87' lang='lat' dir='ltr'><strong>tuit—numquam</strong></span> <span class='ocrx_word' id='word_1_202' title='bbox 703 2233 837 2283; x_wconf 89' lang='lat' dir='ltr'><strong>enim</strong></span> <span class='ocrx_word' id='word_1_203' title='bbox 874 2233 1098 2284; x_wconf 88' lang='lat' dir='ltr'><strong>tribunos</strong></span> <span class='ocrx_word' id='word_1_204' title='bbox 1136 2233 1295 2298; x_wconf 91' lang='lat' dir='ltr'><strong>plebis</strong></span> <span class='ocrx_word' id='word_1_205' title='bbox 1331 2234 1728 2285; x_wconf 89' lang='lat' dir='ltr'><strong>habuerat—sed</strong></span> <span class='ocrx_word' id='word_1_206' title='bbox 1770 2243 1889 2285; x_wconf 66' lang='lat' dir='ltr'><strong>tum,</strong></span> <span class='ocrx_word' id='word_1_207' title='bbox 1932 2240 1951 2290; x_wconf 62' lang='grc' dir='ltr'><strong>,ξ</strong></span> 
     </span>
     <span class='ocr_line' id='line_1_41' title="bbox 209 2307 1958 2380; baseline 0.002 -17"><span class='ocrx_word' id='word_1_208' title='bbox 209 2314 423 2379; x_wconf 89' lang='lat' dir='ltr'><strong>primum</strong></span> <span class='ocrx_word' id='word_1_209' title='bbox 447 2330 530 2363; x_wconf 89' lang='lat' dir='ltr'><strong>eas</strong></span> <span class='ocrx_word' id='word_1_210' title='bbox 555 2314 889 2364; x_wconf 91' lang='lat' dir='ltr'><strong>constituit.</strong></span> <span class='ocrx_word' id='word_1_211' title='bbox 962 2316 1241 2365; x_wconf 92' lang='lat' dir='ltr'><strong>Numerum</strong></span> <span class='ocrx_word' id='word_1_212' title='bbox 1266 2314 1470 2379; x_wconf 91' lang='lat' dir='ltr'><strong>quidem</strong></span> <span class='ocrx_word' id='word_1_213' title='bbox 1493 2331 1737 2365; x_wconf 90' lang='lat' dir='ltr'><strong>annorum</strong></span> <span class='ocrx_word' id='word_1_214' title='bbox 1763 2324 1893 2380; x_wconf 84' lang='lat' dir='ltr'><strong>post</strong></span> <span class='ocrx_word' id='word_1_215' title='bbox 1943 2307 1958 2378; x_wconf 56' lang='lat' dir='ltr'><strong>f,</strong></span> 
     </span>
     <span class='ocr_line' id='line_1_42' title="bbox 207 2395 1945 2465; baseline 0 -18"><span class='ocrx_word' id='word_1_216' title='bbox 207 2413 344 2460; x_wconf 89' lang='lat' dir='ltr'><strong>reges</strong></span> <span class='ocrx_word' id='word_1_217' title='bbox 383 2404 580 2446; x_wconf 87' lang='lat' dir='ltr'><strong>exactos</strong></span> <span class='ocrx_word' id='word_1_218' title='bbox 619 2412 734 2445; x_wconf 92' lang='lat' dir='ltr'><strong>cum</strong></span> <span class='ocrx_word' id='word_1_219' title='bbox 773 2395 825 2447; x_wconf 93' lang='lat' dir='ltr'><strong>id</strong></span> <span class='ocrx_word' id='word_1_220' title='bbox 862 2398 1049 2446; x_wconf 88' lang='lat' dir='ltr'><strong>factum</strong></span> <span class='ocrx_word' id='word_1_221' title='bbox 1096 2405 1170 2446; x_wconf 92' lang='lat' dir='ltr'><strong>est</strong></span> <span class='ocrx_word' id='word_1_222' title='bbox 1210 2395 1471 2461; x_wconf 87' lang='lat' dir='ltr'><strong>diligenter</strong></span> <span class='ocrx_word' id='word_1_223' title='bbox 1515 2395 1694 2460; x_wconf 89' lang='lat' dir='ltr'><strong>posuit,</strong></span> <span class='ocrx_word' id='word_1_224' title='bbox 1736 2396 1876 2461; x_wconf 90' lang='lat' dir='ltr'><strong>isque</strong></span> <span class='ocrx_word' id='word_1_225' title='bbox 1943 2463 1945 2465; x_wconf 21' lang='grc' dir='ltr'>Ι</span> 
     </span>
     <span class='ocr_line' id='line_1_43' title="bbox 206 2475 1945 2540; baseline 0.001 -14"><span class='ocrx_word' id='word_1_226' title='bbox 206 2476 297 2526; x_wconf 88' lang='lat' dir='ltr'><strong>fuit</strong></span> <span class='ocrx_word' id='word_1_227' title='bbox 321 2479 381 2525; x_wconf 90' lang='lat' dir='ltr'><strong>A.</strong></span> <span class='ocrx_word' id='word_1_228' title='bbox 400 2475 636 2540; x_wconf 86' lang='lat' dir='ltr'><strong>Verginio</strong></span> <span class='ocrx_word' id='word_1_229' title='bbox 661 2475 890 2527; x_wconf 90' lang='lat' dir='ltr'><strong>Tricosto</strong></span> <span class='ocrx_word' id='word_1_230' title='bbox 915 2479 971 2526; x_wconf 92' lang='lat' dir='ltr'><strong>L.</strong></span> <span class='ocrx_word' id='word_1_231' title='bbox 993 2476 1199 2527; x_wconf 90' lang='lat' dir='ltr'><strong>Veturio</strong></span> <span class='ocrx_word' id='word_1_232' title='bbox 1226 2476 1461 2528; x_wconf 91' lang='lat' dir='ltr'><strong>Cicurino</strong></span> <span class='ocrx_word' id='word_1_233' title='bbox 1487 2493 1609 2527; x_wconf 77' lang='lat' dir='ltr'><strong>coss,</strong></span> <span class='ocrx_word' id='word_1_234' title='bbox 1640 2478 1883 2529; x_wconf 87' lang='lat' dir='ltr'><strong>Ceterum.</strong></span> <span class='ocrx_word' id='word_1_235' title='bbox 1944 2500 1945 2503; x_wconf 41' lang='lat'>¹</span> 
     </span>
    </p>
   </div>
   <div class='ocr_carea' id='block_1_4' title="bbox 205 2594 1957 2915">
    <p class='ocr_par' dir='ltr' id='par_1_6' title="bbox 205 2584 1957 2915">
     <span class='ocr_line' id='line_1_44' title="bbox 231 2594 1957 2654; baseline 0.001 -13"><span class='ocrx_word' id='word_1_236' title='bbox 231 2594 233 2596; x_wconf 38' lang='lat'>¹</span> <span class='ocrx_word' id='word_1_237' title='bbox 261 2614 287 2651; x_wconf 91' lang='lat'>5</span> <span class='ocrx_word' id='word_1_238' title='bbox 316 2602 437 2641; x_wconf 87' lang='lat' dir='ltr'><strong>aiunt</strong></span> <span class='ocrx_word' id='word_1_239' title='bbox 456 2599 659 2653; x_wconf 80' lang='lat' dir='ltr'><strong>Madvig:</strong></span> <span class='ocrx_word' id='word_1_240' title='bbox 690 2608 792 2642; x_wconf 87' lang='lat' dir='ltr'><strong>ante</strong></span> <span class='ocrx_word' id='word_1_241' title='bbox 813 2607 843 2644; x_wconf 86' lang='grc' dir='ltr'>Σ</span> <span class='ocrx_word' id='word_1_242' title='bbox 862 2617 871 2642; x_wconf 89' lang='lat'>:</span> <span class='ocrx_word' id='word_1_243' title='bbox 887 2603 993 2653; x_wconf 84' lang='lat' dir='ltr'><em>sort.</em></span> <span class='ocrx_word' id='word_1_244' title='bbox 1018 2609 1168 2654; x_wconf 88' lang='lat' dir='ltr'><strong>putant</strong></span> <span class='ocrx_word' id='word_1_245' title='bbox 1318 2616 1458 2644; x_wconf 88' lang='lat' dir='ltr'><strong>annos</strong></span> <span class='ocrx_word' id='word_1_246' title='bbox 1479 2606 1523 2653; x_wconf 81' lang='grc' dir='ltr'><strong>Σ,</strong></span> <span class='ocrx_word' id='word_1_247' title='bbox 1547 2616 1648 2643; x_wconf 85' lang='lat' dir='ltr'><strong>corr.</strong></span> <span class='ocrx_word' id='word_1_248' title='bbox 1667 2602 1867 2643; x_wconf 74' lang='lat' dir='ltr'><strong>Patn’a&#39;u</strong></span> <span class='ocrx_word' id='word_1_249' title='bbox 1891 2647 1894 2650; x_wconf 17' lang='lat'><strong>⁴</strong></span> <span class='ocrx_word' id='word_1_250' title='bbox 1931 2618 1957 2654; x_wconf 36' lang='grc' dir='ltr'><strong>,χ</strong></span> 
     </span>
     <span class='ocr_line' id='line_1_45' title="bbox 206 2656 1956 2709; baseline -0.001 -13"><span class='ocrx_word' id='word_1_251' title='bbox 206 2659 234 2696; x_wconf 90' lang='grc'>6</span> <span class='ocrx_word' id='word_1_252' title='bbox 261 2656 435 2695; x_wconf 87' lang='lat' dir='ltr'><strong>omnino</strong></span> <span class='ocrx_word' id='word_1_253' title='bbox 456 2684 678 2695; x_wconf 90' lang='grc'><strong>.......</strong></span> <span class='ocrx_word' id='word_1_254' title='bbox 702 2669 757 2696; x_wconf 89' lang='lat' dir='ltr'><strong>ne</strong></span> <span class='ocrx_word' id='word_1_255' title='bbox 778 2660 823 2707; x_wconf 83' lang='grc' dir='ltr'><strong>Σ,</strong></span> <span class='ocrx_word' id='word_1_256' title='bbox 843 2657 1055 2709; x_wconf 85' lang='lat' dir='ltr'><strong>supplevi:</strong></span> <span class='ocrx_word' id='word_1_257' title='bbox 1091 2657 1266 2698; x_wconf 90' lang='lat' dir='ltr'><strong>omnino</strong></span> <span class='ocrx_word' id='word_1_258' title='bbox 1296 2671 1321 2697; x_wconf 90' lang='lat' dir='ltr'><strong>a</strong></span> <span class='ocrx_word' id='word_1_259' title='bbox 1352 2657 1604 2698; x_wconf 85' lang='lat' dir='ltr'><strong>defensione</strong></span> <span class='ocrx_word' id='word_1_260' title='bbox 1635 2658 1882 2698; x_wconf 71' lang='lat' dir='ltr'><strong>Mommsen</strong></span> <span class='ocrx_word' id='word_1_261' title='bbox 1924 2702 1925 2705; x_wconf 11' lang='grc' dir='ltr'><strong>Ἴ</strong></span> <span class='ocrx_word' id='word_1_262' title='bbox 1954 2658 1956 2690; x_wconf 71' lang='grc' dir='ltr'><strong>ἵ</strong></span> 
     </span>
     <span class='ocr_line' id='line_1_46' title="bbox 208 2710 1873 2763; baseline 0.001 -13"><span class='ocrx_word' id='word_1_263' title='bbox 208 2724 230 2761; x_wconf 92' lang='lat'><strong>7</strong></span> <span class='ocrx_word' id='word_1_264' title='bbox 263 2715 476 2761; x_wconf 88' lang='lat' dir='ltr'><strong>potestate</strong></span> <span class='ocrx_word' id='word_1_265' title='bbox 495 2710 788 2750; x_wconf 84' lang='lat' dir='ltr'><strong>abalienemur</strong></span> <span class='ocrx_word' id='word_1_266' title='bbox 809 2714 851 2760; x_wconf 86' lang='grc' dir='ltr'><strong>Σ,</strong></span> <span class='ocrx_word' id='word_1_267' title='bbox 875 2725 974 2752; x_wconf 90' lang='lat' dir='ltr'><strong>corr.</strong></span> <span class='ocrx_word' id='word_1_268' title='bbox 1002 2711 1180 2763; x_wconf 82' lang='lat' dir='ltr'><strong>Madvig</strong></span> <span class='ocrx_word' id='word_1_269' title='bbox 1263 2724 1312 2752; x_wconf 92' lang='lat'><strong>10</strong></span> <span class='ocrx_word' id='word_1_270' title='bbox 1340 2711 1462 2752; x_wconf 91' lang='lat' dir='ltr'><strong>nobis</strong></span> <span class='ocrx_word' id='word_1_271' title='bbox 1482 2711 1519 2752; x_wconf 88' lang='lat' dir='ltr'><strong><em>S</em></strong></span> <span class='ocrx_word' id='word_1_272' title='bbox 1604 2724 1648 2751; x_wconf 90' lang='lat'><strong>11</strong></span> <span class='ocrx_word' id='word_1_273' title='bbox 1681 2712 1873 2763; x_wconf 78' lang='lat' dir='ltr'><strong>equibus</strong></span> 
     </span>
     <span class='ocr_line' id='line_1_47' title="bbox 205 2763 1947 2818; baseline 0.002 -15"><span class='ocrx_word' id='word_1_274' title='bbox 205 2763 271 2804; x_wconf 90' lang='lat' dir='ltr'><strong>P:</strong></span> <span class='ocrx_word' id='word_1_275' title='bbox 300 2764 511 2815; x_wconf 88' lang='lat' dir='ltr'><strong>equitibus</strong></span> <span class='ocrx_word' id='word_1_276' title='bbox 530 2763 620 2803; x_wconf 81' lang='lat' dir='ltr'><strong>SM</strong></span> <span class='ocrx_word' id='word_1_277' title='bbox 779 2777 829 2816; x_wconf 87' lang='lat'><strong>15</strong></span> <span class='ocrx_word' id='word_1_278' title='bbox 859 2766 964 2818; x_wconf 91' lang='lat' dir='ltr'><strong>ipsis</strong></span> <span class='ocrx_word' id='word_1_279' title='bbox 983 2767 1064 2806; x_wconf 90' lang='lat' dir='ltr'><strong>sibi</strong></span> <span class='ocrx_word' id='word_1_280' title='bbox 1085 2765 1190 2806; x_wconf 87' lang='lat' dir='ltr'><strong>SP:</strong></span> <span class='ocrx_word' id='word_1_281' title='bbox 1218 2766 1299 2806; x_wconf 88' lang='lat' dir='ltr'><strong>sibi</strong></span> <span class='ocrx_word' id='word_1_282' title='bbox 1321 2766 1423 2817; x_wconf 85' lang='lat' dir='ltr'><strong>ipsis</strong></span> <span class='ocrx_word' id='word_1_283' title='bbox 1443 2766 1505 2816; x_wconf 94' lang='lat' dir='ltr'><strong>M,</strong></span> <span class='ocrx_word' id='word_1_284' title='bbox 1526 2779 1627 2806; x_wconf 89' lang='lat' dir='ltr'><strong>corr.</strong></span> <span class='ocrx_word' id='word_1_285' title='bbox 1651 2766 1872 2806; x_wconf 70' lang='lat' dir='ltr'><strong>Manutius</strong></span> <span class='ocrx_word' id='word_1_286' title='bbox 1942 2765 1947 2770; x_wconf 84' lang='grc'><em>“</em></span> 
     </span>
     <span class='ocr_line' id='line_1_48' title="bbox 211 2826 1873 2915; baseline 0.002 -16"><span class='ocrx_word' id='word_1_287' title='bbox 211 2863 259 2900; x_wconf 91' lang='lat'><strong>16</strong></span> <span class='ocrx_word' id='word_1_288' title='bbox 279 2862 364 2901; x_wconf 90' lang='lat' dir='ltr'><strong>duo</strong></span> <span class='ocrx_word' id='word_1_289' title='bbox 383 2859 474 2900; x_wconf 74' lang='lat'><strong>5101</strong></span> <span class='ocrx_word' id='word_1_290' title='bbox 496 2875 506 2901; x_wconf 78' lang='lat' dir='ltr'><em>z</em></span> <span class='ocrx_word' id='word_1_291' title='bbox 535 2862 642 2900; x_wconf 87' lang='lat' dir='ltr'><strong>duos</strong></span> <span class='ocrx_word' id='word_1_292' title='bbox 658 2859 857 2915; x_wconf 80' lang='lat' dir='ltr'><strong>Poggius,</strong></span> <span class='ocrx_word' id='word_1_293' title='bbox 877 2861 930 2900; x_wconf 94' lang='lat' dir='ltr'><em>M</em></span> <span class='ocrx_word' id='word_1_294' title='bbox 1038 2875 1086 2913; x_wconf 86' lang='lat'><strong>17</strong></span> <span class='ocrx_word' id='word_1_295' title='bbox 1107 2826 1294 2903; x_wconf 56' lang='lat' dir='ltr'><strong>sinienen</strong></span> <span class='ocrx_word' id='word_1_296' title='bbox 1314 2829 1434 2903; x_wconf 60' lang='lat' dir='ltr'><strong>i&#39;rans</strong></span> <span class='ocrx_word' id='word_1_297' title='bbox 1454 2863 1496 2902; x_wconf 92' lang='lat' dir='ltr'><em>P</em></span> <span class='ocrx_word' id='word_1_298' title='bbox 1602 2875 1657 2903; x_wconf 85' lang='lat'><strong>20</strong></span> <span class='ocrx_word' id='word_1_299' title='bbox 1676 2875 1789 2904; x_wconf 86' lang='lat' dir='ltr'><strong>anno</strong></span> <span class='ocrx_word' id='word_1_300' title='bbox 1803 2860 1840 2902; x_wconf 83' lang='lat' dir='ltr'><strong><em>S</em></strong></span> <span class='ocrx_word' id='word_1_301' title='bbox 1871 2839 1873 2842; x_wconf 12' lang='grc' dir='ltr'><em>Α</em></span> 
     </span>
    </p>
   </div>
   <div class='ocr_carea' id='block_1_5' title="bbox 204 2914 1962 3184">
    <p class='ocr_par' dir='ltr' id='par_1_7' title="bbox 204 2914 1962 3184">
     <span class='ocr_line' id='line_1_49' title="bbox 205 2914 1962 2968; baseline 0.003 -14"><span class='ocrx_word' id='word_1_302' title='bbox 205 2928 319 2955; x_wconf 89' lang='lat' dir='ltr'><strong>anno</strong></span> <span class='ocrx_word' id='word_1_303' title='bbox 354 2927 380 2954; x_wconf 85' lang='lat' dir='ltr'>x</span> <span class='ocrx_word' id='word_1_304' title='bbox 412 2914 527 2955; x_wconf 87' lang='lat' dir='ltr'><strong>PM:</strong></span> <span class='ocrx_word' id='word_1_305' title='bbox 555 2927 669 2955; x_wconf 90' lang='lat' dir='ltr'><strong>anno</strong></span> <span class='ocrx_word' id='word_1_306' title='bbox 697 2927 727 2954; x_wconf 91' lang='lat' dir='ltr'>v</span> <span class='ocrx_word' id='word_1_307' title='bbox 746 2916 846 2956; x_wconf 85' lang='lat' dir='ltr'><strong>Rau</strong></span> <span class='ocrx_word' id='word_1_308' title='bbox 958 2929 1011 2967; x_wconf 80' lang='lat'><strong>23</strong></span> <span class='ocrx_word' id='word_1_309' title='bbox 1041 2917 1095 2958; x_wconf 88' lang='lat' dir='ltr'><strong>de</strong></span> <span class='ocrx_word' id='word_1_310' title='bbox 1115 2915 1181 2958; x_wconf 87' lang='lat' dir='ltr'><strong>S:</strong></span> <span class='ocrx_word' id='word_1_311' title='bbox 1209 2930 1293 2957; x_wconf 86' lang='lat' dir='ltr'><strong>om.</strong></span> <span class='ocrx_word' id='word_1_312' title='bbox 1316 2915 1410 2956; x_wconf 93' lang='lat' dir='ltr'><strong>PM</strong></span> <span class='ocrx_word' id='word_1_313' title='bbox 1526 2918 1580 2957; x_wconf 86' lang='lat'><strong>26</strong></span> <span class='ocrx_word' id='word_1_314' title='bbox 1608 2930 1684 2957; x_wconf 86' lang='lat' dir='ltr'><strong>eos</strong></span> <span class='ocrx_word' id='word_1_315' title='bbox 1705 2920 1750 2968; x_wconf 81' lang='grc' dir='ltr'><strong>Σ,</strong></span> <span class='ocrx_word' id='word_1_316' title='bbox 1766 2929 1863 2959; x_wconf 86' lang='lat' dir='ltr'><strong>corr.</strong></span> <span class='ocrx_word' id='word_1_317' title='bbox 1931 2927 1962 2945; x_wconf 72' lang='grc'>”</span> 
     </span>
     <span class='ocr_line' id='line_1_50' title="bbox 206 2969 1864 3023; baseline 0.002 -16"><span class='ocrx_word' id='word_1_318' title='bbox 206 2969 427 3008; x_wconf 82' lang='lat' dir='ltr'><strong>Manutius</strong></span> <span class='ocrx_word' id='word_1_319' title='bbox 537 2983 742 3009; x_wconf 87' lang='lat' dir='ltr'><strong>annorum</strong></span> <span class='ocrx_word' id='word_1_320' title='bbox 767 2974 824 3011; x_wconf 72' lang='grc' dir='ltr'><strong>Σι</strong></span> <span class='ocrx_word' id='word_1_321' title='bbox 853 2971 951 3010; x_wconf 83' lang='lat' dir='ltr'><strong>anni</strong></span> <span class='ocrx_word' id='word_1_322' title='bbox 981 2970 1217 3010; x_wconf 86' lang='lat' dir='ltr'><strong>Mommsen</strong></span> <span class='ocrx_word' id='word_1_323' title='bbox 1347 2984 1397 3021; x_wconf 82' lang='lat'><strong>27</strong></span> <span class='ocrx_word' id='word_1_324' title='bbox 1428 2984 1523 3011; x_wconf 90' lang='lat' dir='ltr'><strong>cum</strong></span> <span class='ocrx_word' id='word_1_325' title='bbox 1543 2972 1710 3023; x_wconf 79' lang='lat' dir='ltr'><strong>scripsi:</strong></span> <span class='ocrx_word' id='word_1_326' title='bbox 1741 2982 1864 3022; x_wconf 81' lang='lat' dir='ltr'><strong>quam</strong></span> 
     </span>
     <span class='ocr_line' id='line_1_51' title="bbox 205 3022 1883 3079; baseline 0.002 -16"><span class='ocrx_word' id='word_1_327' title='bbox 205 3027 236 3063; x_wconf 87' lang='grc' dir='ltr'>Σ</span> <span class='ocrx_word' id='word_1_328' title='bbox 256 3038 265 3063; x_wconf 88' lang='lat'>:</span> <span class='ocrx_word' id='word_1_329' title='bbox 293 3036 378 3073; x_wconf 91' lang='lat' dir='ltr'><strong>quo</strong></span> <span class='ocrx_word' id='word_1_330' title='bbox 400 3022 623 3064; x_wconf 79' lang='lat' dir='ltr'><strong>Manutius</strong></span> <span class='ocrx_word' id='word_1_331' title='bbox 744 3025 887 3075; x_wconf 88' lang='lat' dir='ltr'><strong>posuit</strong></span> <span class='ocrx_word' id='word_1_332' title='bbox 909 3025 1029 3075; x_wconf 85' lang='lat' dir='ltr'><strong>isque</strong></span> <span class='ocrx_word' id='word_1_333' title='bbox 1051 3024 1252 3077; x_wconf 81' lang='lat' dir='ltr'><strong>Madvig:</strong></span> <span class='ocrx_word' id='word_1_334' title='bbox 1287 3025 1487 3076; x_wconf 86' lang='lat' dir='ltr'><strong>posuistis</strong></span> <span class='ocrx_word' id='word_1_335' title='bbox 1507 3025 1578 3076; x_wconf 90' lang='lat' dir='ltr'><strong>qui</strong></span> <span class='ocrx_word' id='word_1_336' title='bbox 1604 3027 1649 3077; x_wconf 71' lang='grc' dir='ltr'><strong>(ᾇ</strong></span> <span class='ocrx_word' id='word_1_337' title='bbox 1670 3024 1725 3079; x_wconf 85' lang='lat' dir='ltr'><strong>S)</strong></span> <span class='ocrx_word' id='word_1_338' title='bbox 1747 3023 1836 3065; x_wconf 85' lang='lat' dir='ltr'><strong>SP¹</strong></span> <span class='ocrx_word' id='word_1_339' title='bbox 1851 3038 1863 3067; x_wconf 71' lang='lat'>2</span> <span class='ocrx_word' id='word_1_340' title='bbox 1879 3043 1883 3051; x_wconf 61' lang='lat'><em>²</em></span> 
     </span>
     <span class='ocr_line' id='line_1_52' title="bbox 204 3075 1934 3133; baseline 0.001 -17"><span class='ocrx_word' id='word_1_341' title='bbox 204 3078 345 3128; x_wconf 86' lang='lat' dir='ltr'><strong>posuit</strong></span> <span class='ocrx_word' id='word_1_342' title='bbox 374 3077 412 3117; x_wconf 89' lang='lat' dir='ltr'><strong>is</strong></span> <span class='ocrx_word' id='word_1_343' title='bbox 441 3078 512 3128; x_wconf 92' lang='lat' dir='ltr'><strong>qui</strong></span> <span class='ocrx_word' id='word_1_344' title='bbox 543 3092 584 3128; x_wconf 87' lang='grc' dir='ltr'><strong>π,</strong></span> <span class='ocrx_word' id='word_1_345' title='bbox 608 3075 662 3115; x_wconf 88' lang='grc' dir='ltr'><em>Μ</em></span> <span class='ocrx_word' id='word_1_346' title='bbox 792 3080 846 3118; x_wconf 83' lang='lat'><strong>28</strong></span> <span class='ocrx_word' id='word_1_347' title='bbox 877 3080 922 3118; x_wconf 92' lang='lat' dir='ltr'><strong>L.</strong></span> <span class='ocrx_word' id='word_1_348' title='bbox 945 3078 1147 3119; x_wconf 86' lang='lat' dir='ltr'><strong>Vetrurio</strong></span> <span class='ocrx_word' id='word_1_349' title='bbox 1168 3083 1211 3131; x_wconf 83' lang='grc' dir='ltr'><strong>Σ,</strong></span> <span class='ocrx_word' id='word_1_350' title='bbox 1236 3091 1334 3119; x_wconf 77' lang='lat' dir='ltr'><strong>corr.</strong></span> <span class='ocrx_word' id='word_1_351' title='bbox 1357 3078 1503 3119; x_wconf 77' lang='lat' dir='ltr'><strong>Baiter</strong></span> <span class='ocrx_word' id='word_1_352' title='bbox 1519 3079 1584 3133; x_wconf 62' lang='lat' dir='ltr'><strong>(ej</strong></span> <span class='ocrx_word' id='word_1_353' title='bbox 1609 3078 1702 3120; x_wconf 84' lang='lat' dir='ltr'><strong>Liv.</strong></span> <span class='ocrx_word' id='word_1_354' title='bbox 1727 3079 1768 3119; x_wconf 88' lang='lat' dir='ltr'><strong>ii.</strong></span> <span class='ocrx_word' id='word_1_355' title='bbox 1792 3078 1860 3131; x_wconf 79' lang='lat'><strong>28)</strong></span> <span class='ocrx_word' id='word_1_356' title='bbox 1882 3078 1892 3086; x_wconf 80' lang='grc'><strong>”</strong></span> <span class='ocrx_word' id='word_1_357' title='bbox 1928 3104 1934 3111; x_wconf 62' lang='lat'><em>„</em></span> 
     </span>
     <span class='ocr_line' id='line_1_53' title="bbox 204 3129 1881 3184; baseline 0.002 -13"><span class='ocrx_word' id='word_1_358' title='bbox 204 3131 386 3172; x_wconf 83' lang='lat' dir='ltr'><strong>citurino</strong></span> <span class='ocrx_word' id='word_1_359' title='bbox 407 3129 465 3173; x_wconf 85' lang='lat' dir='ltr'><strong>S:</strong></span> <span class='ocrx_word' id='word_1_360' title='bbox 496 3132 691 3173; x_wconf 87' lang='lat' dir='ltr'><strong>cerurino</strong></span> <span class='ocrx_word' id='word_1_361' title='bbox 711 3131 779 3172; x_wconf 85' lang='lat' dir='ltr'><strong>P:</strong></span> <span class='ocrx_word' id='word_1_362' title='bbox 809 3134 1003 3174; x_wconf 87' lang='lat' dir='ltr'><strong>ercurino</strong></span> <span class='ocrx_word' id='word_1_363' title='bbox 1026 3134 1085 3184; x_wconf 94' lang='lat' dir='ltr'><strong>M,</strong></span> <span class='ocrx_word' id='word_1_364' title='bbox 1107 3147 1207 3173; x_wconf 86' lang='lat' dir='ltr'><strong>corr.</strong></span> <span class='ocrx_word' id='word_1_365' title='bbox 1232 3132 1453 3174; x_wconf 82' lang='lat' dir='ltr'><strong>Manutius</strong></span> <span class='ocrx_word' id='word_1_366' title='bbox 1879 3135 1881 3139; x_wconf 73' lang='grc'>’</span> 
     </span>
    </p>
   </div>
  </div>
 </body>
</html>
