1988 3334
232 143 298 188 44
891 126 1236 176 ASCONIVS

334 200 370 208 —x

230 264 478 330 plectitur,
515 265 555 314 si
595 281 697 314 non
737 281 911 315 omnes
954 281 1042 315 eae
1083 265 1368 329 probantur,
1413 266 1690 329 postulatur
1737 273 1791 314 ut
1830 265 1894 322 d'j

229 347 437 408 vidatur,
464 347 516 397 id
552 356 626 397 est
662 349 726 397 de
762 348 908 397 rebus
945 346 1148 412 singulis
1185 348 1430 396 referatur.
1505 346 1731 396 Forsitan
1766 363 1884 397 nun
1962 348 1965 362 ⁴

229 430 328 479 hoc
376 445 579 493 quoque
625 428 784 478 velitis
833 427 957 478 scire
1003 428 1089 492 qui
1136 427 1281 478 fuerit
1327 427 1414 492 qui
1466 427 1518 478 id
1565 428 1893 493 postulaveri·'

231 511 385 572 Quod
431 519 535 560 non
581 512 682 560 fere
722 509 961 561 adicitur:
1014 527 1117 560 non
1158 509 1293 560 enim
1334 510 1380 560 ei
1421 509 1507 574 qui
1547 511 1645 561 hoc
1685 512 1866 574 postul

231 591 455 642 oratione
490 594 638 656 longa
673 593 917 641 utendum
954 609 1012 642 ac
1048 609 1112 642 ne
1145 593 1547 656 consurgendum
1573 591 1776 656 quidem
1812 609 1846 642 u
1869 591 1890 637 ‘t'

141 688 210 736 39
230 690 329 737 que
365 682 439 723 est
455 692 469 734 3
511 672 653 722 multi
689 672 823 723 enim
860 674 1091 724 sedentes
1127 674 1224 723 hoc
1260 690 1417 723 unum
1445 673 1652 723 verbum
1687 690 1848 738 pronu
1880 712 1883 717 .
1937 739 1941 746 Ι

228 754 353 804 tiant
381 754 626 804 Divide:
681 756 819 819 quod
855 771 971 804 cum
1006 754 1233 805 auditum
1266 764 1354 816 est,
1381 754 1590 805 liberum
1627 763 1699 804 est
1734 754 1780 805 ei
1810 771 1849 820 ‚q

229 835 346 884 facit
392 835 683 885 relationem
731 835 965 886 dividere.
1061 837 1161 886 Sed
1208 852 1314 900 eg0,
1364 844 1419 885 ut
1466 836 1706 886 curiosius
1751 845 1884 888 aeta
1962 899 1964 907 Α

229 927 418 968 vestrae
450 918 760 979 satisfaciam,
790 921 917 967 Acta
949 918 1099 968 etiam
1131 918 1282 968 totius
1314 917 1444 968 illius
1474 918 1710 983 temporis
1742 914 1885 984 pers¹
1935 915 1964 980 ff

229 1008 373 1048 cutus
406 1016 516 1049 sum
533 1018 548 1061 3
583 999 634 1048 in
660 999 841 1064 quibus
874 1000 1086 1065 cognovi
1117 1000 1276 1065 pridie
1314 1003 1429 1051 Kal.
1457 1003 1602 1051 Mart.
1632 1004 1678 1052 S.
1707 1003 1764 1053 C.
1793 1018 1845 1052 es
1880 1027 1887 1045 a

228 1082 428 1141 factum,
459 1083 511 1131 P.
542 1081 691 1132 Clodi
724 1083 931 1132 caedem
965 1091 1014 1132 et
1046 1082 1337 1133 incendium
1370 1082 1534 1134 curiae
1569 1093 1618 1134 et
1651 1100 1883 1149 oppugna
1962 1119 1963 1123 ,

229 1162 418 1213 tionem
464 1163 665 1214 aedium
715 1166 786 1214 M.
829 1164 1008 1229 Lepidi
1056 1174 1228 1215 contra
1273 1182 1376 1215 rem
1425 1183 1470 1230 p.
1511 1168 1725 1228 factam3
1776 1168 1828 1216 ul
1880 1190 1885 1206 -
1962 1153 1963 1184 ἶ

228 1247 437 1295 relatum
477 1248 533 1295 z'n-
567 1245 708 1295 Actis
746 1246 832 1296 illo
870 1246 953 1297 die
991 1246 1115 1296 nihil
1133 1266 1147 1309 ς
1198 1256 1398 1311 postero
1439 1248 1535 1309 die,
1574 1248 1626 1299 id
1667 1257 1742 1299 est
1785 1251 1853 1298 K
1961 1245 1963 1263 ⁴

231 1329 398 1389 Mart,
430 1330 483 1377 T.
523 1327 810 1378 Munatium
852 1327 903 1377 in
946 1328 1182 1379 contione
1224 1329 1508 1395 exposuisse
1549 1333 1737 1395 populo
1773 1347 1962 1395 qua·

228 1409 386 1474 pridie
410 1418 522 1460 acta
550 1419 688 1460 erant
721 1410 771 1459 in
806 1420 1014 1461 senatu:
1051 1411 1103 1460 in
1128 1428 1226 1476 qua
1259 1412 1494 1462 contione
1526 1414 1650 1463 haec
1682 1412 1805 1463 dixit
1835 1430 1885 1464 a
1932 1405 1963 1449 ’ἶ

228 1492 448 1542 verbum.
524 1493 670 1543 Cum
728 1492 1091 1543 Hortensius
1142 1493 1394 1544 dixisset
1445 1504 1504 1544 ut
1551 1504 1712 1545 extra
1754 1493 1882 1547 ordi
1934 1485 1963 1532 ss‘

229 1591 360 1624 nem
409 1583 795 1638 quaereretur
840 1576 998 1639 apud
1045 1575 1480 1639 quaesitorem3
1533 1576 1891 1628 existimare
1935 1578 1962 1613 Δΐ

229 1657 490 1706 futurum
527 1666 604 1718 ut,
630 1673 758 1706 cum
791 1656 1077 1720 pusillum
1110 1657 1376 1708 dedisset
1408 1659 1763 1721 dulcediniS‚
1798 1661 1851 1709 la
1930 1659 1939 1706 ξ’

227 1738 378 1803 giter
423 1738 774 1788 acerbitatis
822 1740 1205 1789 devorarent:
1264 1740 1547 1790 adversus
1601 1739 1840 1790 homine

230 1821 605 1885 ingeniosum
642 1829 850 1870 nostro
886 1820 1127 1885 ingenio
1169 1821 1257 1870 usi
1295 1839 1525 1884 sumus3
1562 1817 1935 1874 invenimu

232 1901 479 1962 Fusium,
521 1902 617 1966 qui
661 1902 884 1952 diceret
924 1901 1232 1963 ‘Divide'3
1285 1903 1546 1968 reliquae
1588 1905 1742 1969 parti
1782 1922 1881 1956 sen
1929 1914 1931 1930 ³

290 2046 305 2072 1
339 2033 373 2072 si
395 2033 566 2086 scripsi:
605 2039 647 2072 et
667 2033 701 2072 si
723 2035 782 2075 Σι
811 2033 845 2072 si
867 2033 930 2073 cui
946 2032 1027 2073 KS
1165 2046 1244 2074 eae
1267 2034 1301 2086 (-
1287 2035 1342 2088 -ς)
1364 2033 1467 2074 SP:
1497 2033 1548 2075 ee
1569 2035 1622 2075 M
1638 2036 1734 2085 (eae
1754 2036 1790 2076 si
1812 2049 1882 2076 no
1932 2080 1933 2083 ,

229 2100 381 2127 omnes
401 2087 634 2139 probantur
653 2086 904 2128 Manutius:
934 2093 977 2128 et
997 2087 1032 2127 si
1052 2100 1138 2127 non
1159 2101 1308 2128 omnes
1328 2101 1465 2139 aeque
1485 2090 1719 2141 probantur
1736 2090 1850 2132 Bazt
1871 2094 1875 2096 ’
1934 2135 1937 2140 ,
1957 2090 1960 2096 ’

232 2142 418 2194 postulat
439 2145 481 2193 Σ,
506 2154 603 2182 corr.
629 2141 852 2182 Manutius
981 2142 1226 2182 diuidantur
1245 2147 1287 2194 Σ,
1311 2156 1412 2185 corr.
1434 2144 1582 2184 Baater
1760 2158 1787 2197 3
1816 2145 1887 2186 ho

229 2209 314 2238 om.
337 2196 392 2235 P²
505 2198 577 2246 qui
598 2196 640 2235 id
661 2195 766 2237 KS:
797 2197 899 2246 quid
924 2195 988 2236 S:
1018 2198 1090 2247 qui
1110 2195 1203 2235 PM
1363 2211 1389 2248 4
1421 2198 1510 2238 sere
1529 2199 1711 2239 adicitur
1728 2199 1876 2271 scripsi
1957 2239 1959 2246 ,

231 2251 584 2291 feratadiutorzt
605 2250 696 2289 fere
711 2250 1082 2302 traditur-Madvtgr
1095 2251 1161 2302 (ef.
1179 2252 1245 2302 58.
1260 2253 1299 2304 6,
1318 2265 1384 2303 77.
1406 2253 1474 2305 12)
1539 2266 1626 2294 non
1639 2255 1785 2308 eme(-
1788 2252 1826 2294 e’
1857 2259 1884 2272 '⁸
1956 2264 1959 2295 ὲ

231 2306 304 2356 qui
324 2304 428 2346 SP·
459 2307 572 2345 nofie
603 2317 671 2345 me
703 2306 774 2356 qui
800 2304 860 2358 M,
886 2318 989 2346 corr.
1008 2305 1152 2345 Baiter
1339 2319 1364 2358 5
1394 2309 1705 2349 consulendum
1726 2308 1871 2360 quid
1926 2302 1959 2345 Η

234 2363 278 2407 Σ,
298 2372 396 2400 corr.
421 2359 642 2399 Manutms
806 2373 828 2410 7
861 2359 1002 2399 divide
1024 2358 1268 2402 Manutzus:
1300 2362 1486 2412 denique
1507 2366 1538 2405 Σ
1701 2369 1767 2403 est
1795 2375 1839 2404 a
1858 2366 1886 2393 1⁴³
1926 2347 1958 2426 s!

235 2389 364 2454 όνεῖῖι
516 2415 543 2454 8
572 2413 781 2454 rationem
802 2414 916 2455 SM·
945 2415 1181 2454 orationem
1201 2415 1251 2466 P,
1277 2429 1378 2456 corr.
1398 2416 1549 2457 Becker
1666 2417 1881 2458 curiosita
1927 2413 1957 2470 ,ἶ

231 2475 400 2508 vestrae
419 2466 618 2508 Bu'cheler
784 2483 811 2520 9
839 2474 1095 2520 prosecutus
1132 2469 1176 2508 P
1339 2483 1390 2510 10
1418 2470 1462 2510 S.
1488 2471 1535 2512 C.
1555 2471 1806 2512 Manutius:
1836 2471 1883 2512 si·
1927 2483 1939 2515 ³.

233 2527 265 2564 Σ
415 2535 465 2572 13
493 2522 536 2561 in
557 2536 640 2563 om.
666 2521 768 2573 51³1,
791 2523 925 2575 suppl.
947 2523 1040 2575 Pog
1004 2523 1142 2576 g‘gtus,
1167 2524 1218 2563 M
1357 2537 1402 2575 14
1434 2525 1483 2566 T.
1506 2522 1609 2566 add.
1626 2525 1708 2566 ΚΞ
1846 2538 1884 2567 1
1926 2543 1956 2576 ’ρ

234 2590 329 2617 cum
349 2576 456 2617 KS:
484 2589 511 2626 q
532 2576 598 2617 S:
627 2590 707 2627 que
727 2576 862 2618 P¹M2
891 2577 943 2627 Q.
966 2577 1178 2630 Poggizus
1209 2579 1320 2630 quod
1341 2578 1392 2629 Q.
1418 2579 1564 2619 Baiter
1708 2581 1876 2622 Horten
1928 2574 1956 2634 ²:

232 2632 340 2672 sium
363 2631 526 2671 dixisse
547 2634 591 2682 Σ,
614 2644 712 2672 corr.
733 2631 881 2671 Batter
987 2638 1034 2672 ut
1053 2645 1138 2673 om.
1163 2632 1215 2671 Pl
1357 2646 1405 2684 17
1437 2640 1706 2684 quaestorem
1730 2638 1771 2683 Σ,
1793 2647 1835 2674 co
1882 2652 1884 2655 ·
1926 2633 1956 2671 “a

234 2683 457 2726 Manutius
567 2685 829 2726 existimaret
848 2685 1020 2739 scripse:
1049 2686 1248 2727 estimare
1271 2687 1383 2740 (ext-
1405 2687 1476 2740 M)
1499 2692 1554 2729 Σ.
1583 2690 1809 2729 aestimare

232 2739 348 2780 Iunt.
520 2740 569 2779 18
599 2746 739 2780 utrum
762 2744 805 2792 Σ,
828 2753 926 2781 corr.
949 2740 1136 2793 Poggius
1274 2743 1464 2782 dedisset
1483 2741 1600 2783 PM:
1631 2743 1810 2784 dixisset
1829 2741 1873 2784 S
1920 2704 1955 2786 ’i

234 2794 425 2834 edissent
438 2793 675 2834 Mommsen
756 2794 934 2846 largiter
952 2794 1014 2835 S.
1045 2795 1222 2845 largitur
1234 2795 1328 2835 PM
1410 2809 1460 2847 19
1480 2797 1708 2838 deuoraret
1729 2801 1773 2850 Σ,
1790 2811 1833 2838 co
1926 2775 1954 2834 ‘z

236 2847 389 2888 Rinkes
557 2860 613 2888 20
642 2854 786 2888 nostro
817 2848 1040 2890 Bu'cheler:
1088 2862 1175 2890 non
1215 2853 1275 2890 Σε
1326 2849 1399 2891 del.
1442 2849 1680 2892 Mommsen
1937 2854 1947 2893 ‘3

236 2903 384 2943 fusium
402 2906 445 2953 Σ,
463 2916 565 2944 corr.
588 2901 810 2943 Manutms
830 2904 908 2956 (ita
929 2903 1046 2956 mox)
1131 2905 1339 2944 diuideret
1360 2907 1403 2957 Σ,
1419 2918 1516 2946 corr.
1535 2905 1682 2947 Baiter
1761 2905 1869 2957 parti
1935 2915 1954 2946 ⁴>

234 2999 303 3039 P:
333 2999 474 3050 paries
495 2998 532 3040 S
550 3014 559 3039 :
598 3004 735 3050 partes
755 2999 816 3052 M,
839 3013 938 3040 corr.
962 2999 1185 3040 Manutius
1295 3002 1547 3042 sententiam
1572 3006 1615 3055 Σ,
1638 3015 1737 3043 corr.
1756 3002 1888 3046 Bait
1926 2999 1953 3037 f
