1988 3334
870 80 1275 130 PRAEFATIO

238 199 453 265 oratione
508 217 709 279 conjecta
767 225 912 281 super
960 218 1146 280 aliquot
1195 219 1434 268 Ciceronis
1486 219 1795 281 orationibus,
1844 233 1910 266 ex
1965 260 1968 263 ,

239 299 411 360 quibus
435 300 582 348 multi
603 316 860 348 causarum
885 300 1011 348 ritus
1043 302 1310 363 multaeque
1337 300 1507 349 veteris
1534 300 1753 349 instituti
1767 300 1910 362 pari·
1971 349 1974 355 ,

241 385 362 428 tates
395 386 555 444 aperte
589 381 797 444 cognosci
814 387 1034 444 possunt.
1077 418 1087 430 .
1130 419 1140 430 .
1178 420 1189 431 .
1242 382 1332 430 Vbi
1361 382 1542 430 turrim
1575 398 1740 430 sacrae
1762 381 1913 430 Aedis
1965 403 1974 425 2.

242 462 295 511 S.
350 462 494 511 Galli
546 462 855 525 contiguam„
879 462 931 511 in
999 478 1096 524 qua
1154 463 1527 511 innumerabiles
1584 462 1704 511 libri
1755 468 1913 524 utpote
1967 491 1974 524 ιΥ

241 542 424 605 captivi
452 543 738 603 detinentur,
776 543 1029 605 diligenter
1067 543 1288 603 vidimus,
1328 544 1738 606 bibliothecamque
1771 543 1912 591 illam

231 625 432 686 pulvere
485 624 624 672 tineis
665 624 882 686 fuligine
931 624 1178 687 ceterisque
1225 625 1362 672 rebus
1408 626 1478 672 ad
1518 624 1912 673 oblitterationem
1942 651 1970 694 y

240 705 475 752 librorum
515 706 865 768 pertinentibus
905 706 1155 753 obsoletam
1185 707 1533 768 pollutamque,
1572 705 1914 755 collacrimavi·
1938 707 1939 710 ’
1975 728 1978 775 3

242 801 347 833 mus
370 794 466 849 per
487 787 615 834 lzunc
644 788 835 835 modum
858 793 1093 850 putantes
1124 788 1342 850 linguam
1373 788 1609 836 Latinam
1641 788 1911 835 maximum
1942 851 1946 853 λ
1969 791 1973 852 ἶ

242 874 469 916 ornatum
499 869 856 931 maximamque
884 869 1164 931 dignitatem
1188 870 1469 933 perdidisse.
1541 870 1681 918 Haec
1700 869 1913 932 proficto

240 949 526 1010 bibliotheca,
547 950 596 999 si
607 958 698 1013 per
714 965 761 998 se
784 951 889 1013 ipsa
910 952 1195 1013 loqueretur,
1221 966 1399 1014 magna
1424 966 1525 1000 voce
1548 952 1790 1010 clamaret,
1813 951 1914 999 ‘Ne
1943 941 1946 947 ¹
1971 955 1975 990 ἴ

243 1046 324 1090 me,
361 1031 465 1079 viri
494 1031 688 1094 linguae
723 1031 934 1080 Latinae
969 1033 1305 1093 amantissimi,
1343 1033 1487 1081 sinite
1508 1039 1606 1095 per
1637 1032 1918 1081 lzuiusmodi
1950 1049 1953 1052 ⁴
1979 1065 1981 1073 ι

242 1113 580 1174 neglegentiam
606 1112 842 1174 funditus
877 1115 1054 1162 deleri:
1099 1114 1266 1178 eripite
1305 1130 1375 1162 me
1410 1115 1470 1162 ab
1505 1114 1591 1162 lzoc
1627 1130 1820 1174 carcere,
1858 1114 1911 1161 in

240 1194 373 1241 cuius
409 1195 610 1242 tenebris
646 1199 836 1242 tantum
878 1196 1111 1243 librorum
1146 1197 1304 1243 lumen
1338 1203 1571 1259 apparere
1603 1212 1696 1244 non
1723 1195 1911 1258 potest.'
1940 1251 1942 1254 Ι

241 1276 414 1323 Erant
468 1276 521 1323 in
574 1277 877 1326 Monasterio
934 1278 1019 1324 illo
1065 1264 1230 1325 Abbas
1244 1278 1258 1303 ¹
1318 1278 1623 1340 monachique
1669 1278 1728 1325 ab
1780 1277 1917 1326 omni

240 1358 518 1405 litterarum
553 1359 812 1420 cognitione
847 1360 1007 1408 alieni.

309 1440 448 1488 Alter
483 1438 620 1489 testis
657 1448 730 1489 est
767 1439 872 1504 ipse
910 1439 1122 1504 Poggius
1159 1441 1210 1489 in
1246 1440 1505 1490 notissima
1538 1443 1603 1491 ad
1634 1436 1909 1491 Guarinum
1939 1495 1942 1499 ⁴
1975 1472 1977 1513 3

191 1569 194 1572 ,
242 1523 583 1571 Veronensem
621 1521 867 1586 epistula.²

308 1604 410 1651 Est
442 1610 600 1651 autem
637 1605 979 1653 monasterium
1009 1606 1060 1654 S.
1093 1606 1237 1655 Galli
1257 1612 1410 1668 prope
1439 1607 1600 1653 urbem
1624 1606 1751 1654 hanc
1771 1605 1908 1654 milia
1950 1638 1951 1641 =

230 1692 470 1746 passuum
486 1699 575 1732 xx.
631 1686 804 1746 Itaque
823 1686 1053 1735 nonnulli
1070 1686 1230 1735 animi
1248 1687 1462 1734 laxandi
1479 1693 1528 1734 et
1545 1687 1699 1735 simul
1714 1687 1930 1749 perqui-·
1979 1690 1981 1693 ’

242 1766 500 1813 rendorum
524 1766 772 1826 librorum,
800 1783 1004 1829 quorum
1037 1783 1240 1830 magnus
1272 1783 1500 1815 numerus
1530 1783 1624 1815 esse
1653 1769 1908 1828 dicebatur,
1980 1766 1981 1774 ’

235 1847 404 1909 gratia
451 1863 500 1894 eo
546 1848 868 1910 perreximus.
941 1849 1026 1897 Ibi
1066 1849 1197 1896 inter
1239 1849 1630 1911 confertissimam
1677 1850 1910 1897 librorum
1982 1908 1983 1912 Ἰ

240 1929 420 1991 copiam
455 1945 572 1991 quos
605 1931 798 1992 longum
833 1936 950 1978 esset
983 1946 1211 1978 recensere
1247 1931 1613 1992 Quintilianum
1648 1931 1912 1994 reperimus
1946 1983 1950 1986 ,

242 2011 399 2058 adhuc
441 2012 631 2059 salvum
667 2018 713 2059 et
744 2012 1033 2072 incolumem,
1069 2013 1266 2074 plenum
1309 2018 1467 2060 tamen
1501 2012 1598 2061 situ
1636 2018 1684 2060 et
1707 2014 1911 2076 pulvere

240 2094 547 2154 squalentem.
600 2094 777 2141 Erant
796 2094 920 2142 enim
942 2109 1036 2142 non
1062 2093 1114 2142 in
1138 2094 1410 2143 bibliotheca
1435 2100 1493 2142 ut
1511 2110 1674 2143 eorum
1697 2096 1911 2157 dignitas

229 2175 517 2236 postulabat
535 2177 619 2223 sed
642 2175 693 2223 in
728 2176 967 2224 teterrimo
997 2177 1203 2238 quodam
1232 2182 1280 2224 et
1310 2178 1501 2225 obscuro
1532 2192 1724 2234 carcere,
1744 2177 1911 2238 fundo

239 2256 412 2303 scilicet
455 2257 601 2304 unius
647 2258 802 2306 turris
846 2274 938 2320 quo
986 2274 1042 2306 ne
1087 2259 1308 2321 capitalis
1346 2259 1536 2321 quidem
1574 2260 1649 2307 rei
1684 2259 1915 2307 damnati
1983 2304 1985 2311 ,

241 2339 620 2388 detruderentur.
664 2375 673 2386 .
711 2378 722 2389 .
761 2377 771 2388 .
811 2341 1097 2402 Reperimus
1125 2347 1380 2404 praeterea
1415 2343 1562 2390 libros
1596 2348 1691 2389 tres
1719 2340 1911 2404 primos
1984 2323 1985 2334 ἵ

239 2427 287 2468 et
307 2421 560 2469 dimidiam
584 2422 756 2483 quarti
778 2423 835 2471 C.
870 2423 1053 2471 Valerii
1071 2423 1234 2471 Flacci
1251 2423 1613 2486 Argonauticon
1634 2421 1718 2486 (al.
1742 2421 1843 2487 -ὣν)
1867 2429 1914 2471 et

241 2502 550 2564 expositiones
591 2509 838 2564 tamquam
880 2504 1038 2551 tlzema
1079 2505 1318 2566 quoddam
1355 2512 1517 2567 super
1533 2511 1628 2552 octo
1671 2505 1911 2553 Ciceronis

295 2677 310 2701 ¹
342 2678 575 2718 Hainricus
614 2678 668 2718 de
704 2679 1015 2731 Gundelflngen
1050 2693 1103 2721 eo
1138 2686 1331 2733 tempore
1361 2679 1507 2721 Abbas
1536 2686 1641 2733 erat,
1676 2682 1729 2723 cf.
1766 2681 1903 2734 Peru,
1951 2721 1955 2727 ,
1985 2708 1987 2710 -

243 2732 359 2772 Mon.
383 2733 527 2773 Germ.
551 2733 639 2774 xiii.
663 2746 756 2783 330.
1348 2758 1359 2785 χ
1956 2778 1961 2782 ,

295 2787 310 2809 ²
341 2787 531 2827 Eandem
552 2787 774 2838 epistulam
794 2788 937 2829 verbis
962 2789 1212 2839 quibusdam
1243 2790 1413 2830 mutatis
1432 2790 1485 2830 ad
1515 2790 1719 2830 Ioannem
1741 2790 1906 2831 Arreti·

241 2854 341 2882 num
375 2842 436 2894 (=
461 2842 709 2893 Corvinum)
752 2842 876 2883 misit.
950 2843 1014 2884 Cf.
1051 2843 1241 2893 Querini,
1277 2857 1317 2895 p.
1357 2844 1384 2883 ii
1406 2858 1416 2894 ;
1463 2844 1708 2895 Sabbadini,
1758 2845 1907 2896 Spogli

241 2895 437 2937 Ambros.
460 2908 500 2946 p.
523 2907 619 2947 354.

1050 2966 1114 3016 xii
