1988 3334
649 130 726 179 IN
764 128 1235 180 SCAVRIANAM
1716 144 1776 191 29

76 259 126 341 .ss
174 272 301 322 Cato
352 279 561 334 praetor,
618 270 780 322 Cicero
825 285 942 319 cum
990 269 1137 319 vellet
1189 269 1254 319 de
1307 267 1678 319 accusatoribus
1727 269 1777 319 in

79 382 81 386 ·
110 395 120 407 .,
141 352 372 406 onsilium
411 352 605 404 mittere
632 351 875 416 multique
899 369 928 402 e
952 351 1142 418 populo
1175 367 1352 402 manus
1382 349 1434 400 in
1466 360 1778 403 accusatores

54 434 55 450 ¹
160 435 433 496 tenderent,
472 434 620 486 cessit
654 432 912 502 imperitae
949 431 1258 484 multitudini
1288 450 1348 483 ac
1377 441 1578 498 postero
1613 432 1739 484 die
1728 451 1778 483 1n

96 511 122 559 ‘''.
136 516 367 572 onsilium
384 518 448 568 de
464 513 714 567 calumnia
730 522 1077 566 accusatorum
1093 513 1243 605 misit.
1281 517 1334 564 P.
1353 513 1572 565 Triarius
1592 516 1778 564 nullam

84 783 90 801 ³
114 819 115 823 ,
122 765 300 816 Cato
324 771 520 828 praetor
542 761 802 825 iudicium,
826 760 944 827 quia
974 769 1162 811 aestate
1196 761 1446 826 agebatur,
1475 761 1582 813 sine
1614 760 1784 811 tunica

78 868 91 920 5
121 844 320 897 xercuit
344 844 608 938 campestri
641 845 734 895 sub
768 853 884 909 toga
915 845 1122 895 cinctus.
1197 846 1259 894 In
1292 846 1454 895 forum
1484 862 1687 910 quoque
1712 844 1783 895 sic

54 990 108 1070 'ss¹
107 1011 368 1063 suetudine
393 1012 670 1062 secundum
696 1028 847 1077 quam
873 1019 922 1060 et
947 1009 1154 1060 Romuli
1178 1019 1228 1060 et
1252 1009 1368 1060 Tati
1399 1018 1590 1061 statuae
1615 1010 1666 1059 in
1693 1011 1784 1062 Ca-

62 1110 79 1129 f
120 1092 279 1150 uitolio
303 1102 353 1144 et
377 1093 428 1143 in
453 1093 620 1144 rostris
647 1092 846 1145 Camilli
871 1094 1068 1144 fuerunt
1093 1101 1289 1157 togatae
1313 1091 1421 1143 sine
1446 1091 1640 1143 tunicis,

76 1272 77 1276 Ἰ
107 1207 118 1271 s
165 1238 183 1266 1
215 1230 391 1278 praetor'
406 1224 698 1266 sozomenus:
726 1230 899 1276 praeter
917 1222 955 1264 S
974 1236 984 1263 ε
1013 1228 1239 1275 praeterea
1257 1222 1351 1262 PM
1511 1223 1667 1264 Cicero
1687 1231 1785 1277 sup-

75 1290 77 1294 ‘
123 1281 213 1322 levi
227 1279 409 1332 (videtur
425 1280 471 1321 C.
496 1284 591 1321 ante
610 1292 706 1320 cum
726 1278 932 1330 excidisse,
955 1279 1002 1329 cſs
1026 1279 1092 1328 48.
1118 1291 1180 1329 14,
1202 1291 1269 1330 33.
1295 1280 1367 1328 23)
1551 1292 1576 1328 4
1609 1278 1656 1320 P.
1677 1279 1759 1320 KS
1777 1294 1785 1319 :

64 1346 70 1354 '
106 1337 111 1349 '⁷
145 1338 207 1378 ,Σ
227 1335 293 1386 (cf
323 1335 477 1388 18.19)
618 1345 644 1384 5
673 1334 726 1385 Q.
751 1334 919 1387 pacuvii
939 1333 1005 1373 P:
1035 1346 1119 1384 que
1139 1332 1306 1385 pacubii
1328 1332 1420 1374 SM
1567 1346 1589 1383 7
1619 1341 1785 1375 aestate

54 1396 72 1438 f?
106 1388 143 1428 j}-
165 1405 175 1431 ς
203 1395 318 1431 etate
338 1389 403 1430 S.
432 1403 457 1430 a
477 1389 586 1430 frate
605 1387 660 1428 M
848 1390 875 1429 8
905 1394 1146 1440 campestre
1167 1391 1213 1439 Σ,
1234 1402 1336 1429 corr.
1355 1387 1566 1429 Bemldus
1758 1404 1786 1440 9

62 1443 71 1488 ἶ»
110 1445 393 1486 escenderat
413 1448 459 1495 Σ,
483 1458 584 1485 corr.
611 1443 741 1483 Orelli
833 1449 1082 1496 reppererat
1102 1446 1147 1492 Σ,
1169 1456 1267 1483 corr.
1291 1442 1504 1483 Patricius
1529 1443 1596 1495 (cs.
1621 1455 1686 1495 55.
1717 1446 1785 1495 lo)

76 1511 77 1514 ’
167 1505 316 1541 uetere
332 1503 376 1552 Σ,
394 1513 495 1540 corr.
512 1499 574 1540 ed.
595 1499 708 1539 lunt.
827 1512 878 1539 10
907 1504 951 1538 et
965 1498 1059 1539 Tati
1075 1497 1157 1541 KS
1172 1512 1181 1538 ε
1203 1511 1252 1539 ac
1264 1498 1361 1539 Tati
1379 1498 1615 1539 Gronovius
1634 1513 1642 1538 :
1661 1500 1788 1540 etatis

249 1559 416 1596 statuae
436 1570 464 1594 π
485 1569 495 1595 2
524 1567 686 1606 capuae
708 1552 827 1606 (-yae
848 1552 908 1607 S)
933 1556 964 1595 Σ
