1988 3334
646 114 723 162 IN
762 112 1291 163 CORNELIANAM
1749 127 1773 174 7
1786 129 1805 160 1

690 252 912 304 CIRCA
952 252 1251 300 MEDIVM

203 350 321 412 Quo
363 350 477 399 loco
515 357 787 409 enumerat,
819 349 944 398 ’cum
987 349 1066 398 lex
1106 348 1306 409 feratur,
1346 356 1470 411 quot
1511 349 1622 397 loca
1665 346 1808 397 inter-

56 497 59 571 ?
75 508 77 556 J
130 513 401 565 discedere.

122 655 127 664 ¹
199 597 305 645 Est
339 594 548 659 utique
579 594 668 644 ius
693 594 944 654 vetandi,
973 610 1104 643 cum
1130 610 1196 643 ea
1227 595 1464 655 feratur,
1498 610 1670 658 quam
1703 593 1803 643 diu

73 691 76 747 j
110 715 405 728 ........
442 675 682 726 ferundi
717 677 1194 737 transfe-3runtur
1243 675 1302 725 id
1338 683 1563 724 est..
1607 715 1616 724 .
1650 714 1659 724 .
1697 715 1706 725 .
1742 715 1751 724 .
1790 682 1897 739 ‚63

128 760 235 819 leX,
268 760 404 809 dum
437 757 657 823 privati
681 757 904 818 dicunt,
927 759 1068 808 dum
1089 794 1413 807 .........
1442 757 1578 806 dum
1605 757 1804 807 sitella

52 867 75 913 μς
128 842 405 902 defertur,
434 842 571 891 dum
600 828 933 904 aequantur
965 847 1169 900 sorteS,
1197 839 1335 888 dum
1365 837 1608 888 sortitio
1633 838 1722 900 fit,
1747 847 1804 888 et

52 915 75 999 f
128 923 176 973 si
201 940 316 988 qua
340 931 477 973 sunt
501 921 619 972 alia
643 921 820 972 huius
845 921 1093 986 generis,

68 1059 71 1069 Α
142 1055 145 1058 ,
194 1004 340 1058 †Alia
358 1006 573 1070 populus
598 1005 835 1053 confusus
860 1012 915 1052 ut
939 1019 1135 1067 semper
1158 1001 1292 1064 aliaS,
1315 1001 1384 1052 ita
1407 1011 1456 1052 et
1481 1002 1532 1051 in
1551 1002 1801 1053 contione.

67 1081 74 1136 ’ὲ
127 1088 223 1140 †1d
255 1085 482 1152 peractis,
503 1103 619 1136 cum
653 1085 706 1136 id
731 1087 893 1135 solum
927 1090 1230 1150 superest‘ut
1263 1086 1479 1149 populus
1505 1084 1803 1134 sententiam

49 1149 70 1223 ί,
94 1211 99 1238 ,-
126 1171 261 1230 ferat,
281 1169 420 1219 iubet
445 1185 561 1219 eum
587 1168 627 1217 is
652 1167 739 1232 qui
758 1170 849 1217 fert
873 1169 1035 1232 legem
1060 1166 1394 1217 discedere:
1432 1168 1571 1231 quod
1595 1168 1801 1216 verbum

46 1263 70 1310 Γ·
93 1259 103 1275 ⁵
125 1269 228 1302 non
249 1253 346 1301 hoc
362 1250 606 1315 significat
621 1251 760 1314 quod
780 1249 830 1298 in
848 1248 1106 1299 communi
1122 1248 1488 1299 consuetudine
1506 1257 1585 1310 est,
1606 1258 1721 1300 eant
1738 1252 1802 1301 de

46 1332 48 1380 ἶ
95 1330 97 1335 ’
125 1349 186 1384 eo
209 1335 324 1384 loco
348 1332 436 1383 ubi
459 1335 538 1382 lex
560 1333 755 1392 feratur,
778 1332 867 1381 sed
892 1330 943 1379 in
969 1347 1110 1380 suam
1136 1330 1348 1395 quisque
1367 1330 1551 1381 tribum
1577 1331 1802 1384 discedat

46 1406 47 1411 ¹
90 1469 94 1472 η
124 1414 175 1465 in
200 1431 299 1480 qua
323 1423 397 1466 est
423 1413 707 1477 suffragium
732 1415 933 1463 laturus,

733 1571 966 1620 PAVLO
1006 1571 1180 1636 PosT

42 1658 53 1690 '¹
101 1691 103 1694 ¹
190 1672 384 1719 Vnum
433 1677 630 1718 tamen
677 1668 840 1731 quod
887 1667 1000 1716 hoc
1049 1665 1179 1730 ipso
1221 1675 1283 1716 tr.
1329 1668 1399 1731 pl.
1445 1667 1667 1716 factum
1711 1677 1799 1718 est

41 1815 42 1820 ¹
122 1751 728 1817 praetermittendum
754 1766 869 1799 non
890 1748 1139 1799 videtur.
1192 1751 1402 1813 Neque
1428 1748 1584 1799 enim
1610 1750 1798 1800 maius

48 1856 50 1867 ¹
121 1843 208 1885 est
240 1836 438 1898 legere
475 1832 762 1892 codicem,
800 1849 930 1890 cum
968 1830 1397 1892 intercedatur,
1435 1848 1607 1896 quam
1645 1832 1799 1883 sitel-

40 1906 49 1987 Ἰ
97 1918 233 1966 'lam
282 1915 474 1981 ipsum
523 1931 719 1964 coram
768 1914 902 1978 ipso
944 1913 1351 1964 intercessore
1394 1914 1643 1975 deferre,
1689 1933 1797 1965 nec

38 2000 49 2066 ,ὲ
96 1998 354 2063 gravius
379 1997 647 2062 incipere
672 1999 826 2047 ferre
851 2013 1024 2060 quam
1051 1997 1328 2060 perferre,
1358 2012 1466 2045 nec
1491 1997 1797 2047 vehemen-

95 2071 236 2130 ·'tius
261 2081 582 2130 ostendere
619 2095 679 2128 se
715 2080 971 2127 laturum
1008 2077 1200 2127 invito
1225 2079 1456 2140 collega
1481 2094 1655 2141 quam
1682 2078 1794 2143 ipsi

44 2146 48 2217 s
96 2164 384 2227 ¹collegae
432 2161 843 2226 magistratum
900 2162 1201 2225 abrogare,
1247 2177 1354 2210 nec
1409 2160 1794 2212 criminosius

117 2245 308 2296 tribus
354 2246 427 2295 ad
472 2247 661 2309 legem
703 2243 1119 2308 accipiendam
1163 2260 1333 2308 quam
1376 2244 1447 2293 ad
1490 2245 1792 2308 collegam

42 2406 68 2427 2·
100 2426 102 2429 y
172 2390 198 2416 2
228 2381 422 2417 numerat
443 2379 487 2427 Σ,
511 2388 611 2416 corr.
637 2374 717 2414 ΚΞ
791 2374 914 2427 quot]
938 2388 1024 2425 quo
1044 2373 1101 2412 P1
1229 2387 1255 2425 3
1285 2379 1385 2414 sunt
1405 2378 1450 2424 Σ,
1473 2387 1570 2414 corr.
1593 2374 1795 2427 Sigonius

34 2433 45 2484 ιζ
66 2424 69 2433 ’
117 2437 342 2483 antequam
363 2462 373 2471 .
396 2464 405 2472 .
427 2459 437 2470 .
463 2430 662 2481 populum
683 2442 767 2469 om.
792 2435 836 2481 Σ,
860 2429 994 2481 suppl.
1017 2428 1222 2480 Sigonius
1396 2444 1420 2478 4
1454 2429 1598 2470 dicere
1619 2436 1662 2481 Σ,
1686 2444 1788 2470 corr.

32 2495 44 2532 ι,
67 2487 69 2491 ’
98 2483 99 2487 ’
118 2485 323 2538 Sigonius
501 2498 526 2536 5
558 2485 703 2535 utique
723 2485 789 2525 P:
820 2485 881 2524 uti
901 2485 1017 2534 quod
1038 2482 1129 2523 SM
1263 2485 1463 2535 quamdiu
1487 2513 1707 2525 .......
1733 2490 1792 2526 Σ.
1783 2501 1792 2510 ·

32 2562 34 2566 v
101 2541 270 2592 -quibus
290 2541 356 2580 ius
376 2545 443 2580 est
463 2539 653 2590 suffragii
673 2539 803 2591 suppl.
826 2539 1027 2578 Bu'clteler
1228 2540 1255 2578 6
1284 2540 1326 2578 id
1347 2544 1414 2578 est
1435 2568 1692 2579 ........
1721 2544 1733 2582 (
1743 2553 1787 2579 11

32 2613 42 2632 »ι
63 2643 65 2645 ¹
102 2595 192 2635 sliu.
212 2594 266 2634 M
274 2598 288 2642 )
310 2601 341 2637 Σ
360 2609 371 2635 =
400 2596 499 2635 dum
521 2594 724 2634 recitatur
743 2593 877 2646 suppl.
897 2592 979 2632 KS
1255 2607 1278 2644 7
1309 2594 1409 2633 dum
1431 2622 1719 2634 .........
1745 2597 1789 2644 (5

32 2663 34 2668 ’
63 2699 65 2703 ¹
116 2649 191 2690 litt.
226 2650 298 2699 M)
334 2653 365 2690 Σ
383 2664 392 2690 :
435 2654 729 2690 summovetur
758 2648 940 2700 populus
972 2648 1105 2700 suppl.
1139 2647 1381 2688 Mommsen
1497 2649 1524 2687 8
1552 2655 1791 2699 aequantur

30 2745 33 2766 Β
117 2710 257 2745 sortes
277 2702 390 2744 PM:
421 2717 531 2755 equo
553 2734 563 2744 .
588 2733 598 2744 .
624 2733 634 2743 .
658 2733 668 2743 .
693 2704 728 2743 si
750 2704 881 2743 fortes
901 2702 938 2742 S
1052 2716 1102 2742 10
1130 2703 1280 2744 aliaE:
1311 2708 1420 2743 astat
1439 2702 1659 2743 Bic'claeeler:
1677 2704 1786 2754 sort.
1844 2754 1849 2756 Π

30 2796 31 2802 ,
117 2764 244 2799 antea
401 2759 505 2800 alias
524 2758 736 2799 Beraldus
757 2773 767 2798 z
795 2757 880 2798 alia
899 2761 930 2797 Σ
1129 2770 1172 2796 11
1210 2757 1251 2797 id
1274 2761 1332 2798 Σε
1371 2758 1424 2798 iis
1443 2758 1501 2798 ed.
1524 2758 1627 2798 Ald.
1651 2773 1659 2798 :
1690 2759 1789 2798 ideo

29 2837 32 2872 ἱ
98 2814 273 2854 -ceteris
291 2813 372 2853 KS
514 2826 561 2853 12
593 2826 687 2853 eum
709 2812 821 2853 SM:
852 2812 965 2851 enim
987 2812 1029 2852 P
1137 2813 1280 2852 dicere
1301 2815 1343 2863 Σ,
1368 2826 1467 2853 corr.
1487 2811 1588 2852 Rau
1740 2826 1788 2863 13

29 2866 40 2900 λ’
93 2873 198 2919 est,
221 2874 319 2908 eant
346 2869 510 2920 sempsi:
543 2874 643 2908 eant
671 2872 732 2908 Σε
762 2873 828 2907 est
848 2866 1097 2906 Manutizus
1130 2873 1175 2906 ut
1199 2868 1354 2907 abeant
1383 2867 1651 2906 Mommsen:
1695 2874 1787 2908 erat

21 2929 31 2939 ⁴
64 2930 66 2937 ’
116 2921 186 2964 ed.
202 2921 297 2964 Ven.
418 2937 464 2973 14
495 2923 656 2963 feratur
675 2921 792 2962 SM:
823 2921 1014 2961 serturP
1122 2922 1352 2962 descendat
1375 2926 1420 2967 Σ,
1441 2935 1540 2962 corr.
1563 2922 1789 2962 Manutius

28 2995 30 2999 >
63 2983 69 3005 ⁹
93 2976 97 2979 ’
121 2987 168 3026 15
191 2977 371 3017 daturus
392 2977 428 3016 S
594 2991 648 3017 20
677 2977 810 3029 ipsam
834 2980 878 3024 Σ,
900 2990 999 3018 corr.
1021 2975 1102 3016 KS
1235 2989 1376 3021 coram
1398 2975 1553 3016 Rinkes
1574 2992 1582 3016 ε
1612 2990 1705 3016 cum
1729 2982 1786 3018 2:

27 3020 45 3083 Γ
64 3033 68 3051 ²
95 3033 163 3073 de
185 3033 358 3087 Madvig

26 3069 97 3209 ³3ss
