1988 3334
629 122 704 170 IN
746 121 1279 172 CORNELIANAM
1736 138 1796 187 73

118 300 123 304 .
194 263 373 322 Idem,
402 263 522 311 nisi
554 263 699 311 haec
736 261 862 326 ipsa
898 262 992 311 lex
1029 278 1202 325 quam
1228 263 1285 312 C.
1316 262 1634 313 Cornelius
1659 262 1799 311 tulit

53 350 54 353 ’
120 343 482 405 obstitisset,
526 343 944 394 decrevissent
985 343 1044 394 id
1092 345 1253 408 quod
1300 346 1495 408 palam
1538 343 1648 394 iam
1698 343 1798 393 isti

52 415 54 499 J
98 427 472 480 defensores
536 425 898 476 iudiciorum
957 435 1498 490 propugnaverunt‚
1561 425 1799 476 senatui

52 496 78 595 Γ,
123 519 241 558 'non
266 509 500 572 placere
520 507 579 558 id
604 506 893 558 iudicium
913 509 984 558 de
1009 509 1208 558 Sullae
1228 507 1402 558 bonis
1422 507 1569 558 fieri.
1608 508 1798 570 Quam

52 591 62 651 ἶ,
102 607 233 655 ego
275 606 512 640 causam
554 591 731 654 longe
772 589 948 640 aliter
988 599 1226 654 praetor
1267 590 1324 640 in
1373 589 1661 641 contione
1708 590 1802 638 de-

76 671 302 733 fendi,
347 689 477 722 cum
515 671 574 722 id
616 672 879 723 dicerem
918 674 1080 737 quod
1118 672 1276 723 idern
1318 672 1551 724 iudices
1592 680 1801 737 postea

52 762 474 815 statuerunt,
507 753 798 804 iudicium
841 753 1125 819 aequiore
1161 763 1428 820 tempore
1463 753 1598 804 fieri
1634 770 1800 819 opor-

66 839 79 883 &
124 844 258 886 tere.

52 980 55 994 1
193 916 327 981 Quia
350 918 574 968 defuerat
598 916 934 982 superioribus
959 917 1268 983 temporibus
1292 917 1344 967 in
1375 917 1564 969 aerario
1588 916 1803 982 pecunia

61 1013 78 1075 ij
124 999 340 1066 publica,
367 1001 525 1049 multa
548 1008 597 1049 et
621 1016 770 1064 saepe
795 999 900 1049 eius
933 999 1003 1050 rei
1034 999 1256 1050 remedia
1287 1009 1428 1050 erant
1460 999 1715 1065 quaesita3
1750 998 1803 1048 in

124 1081 306 1147 quibus
331 1083 429 1132 hoc
453 1098 656 1145 quoque
680 1091 735 1131 ut
758 1081 1002 1146 pecuniae
1025 1082 1256 1147 publicae
1271 1099 1401 1147 quae
1416 1082 1643 1133 residuae
1666 1082 1804 1146 apud

102 1214 104 1219 ,
125 1180 378 1230 quemque
402 1173 568 1214 essent
592 1164 915 1228 exigerentur.
990 1166 1052 1215 Id
1075 1173 1244 1214 autem
1277 1164 1493 1214 maxime
1524 1163 1806 1229 pertinebat

75 1286 81 1344 ἱ
125 1247 190 1296 ad
238 1245 529 1297 Cornelium
572 1248 813 1296 Faustum
860 1246 1115 1297 dictatoris
1163 1246 1334 1308 filium,
1376 1246 1494 1311 quia
1535 1248 1672 1296 Sulla
1717 1262 1806 1311 per
1829 1253 1900 1312 65

53 1319 102 1451 ,ι’
127 1330 309 1378 multos
333 1345 493 1378 annos
518 1328 700 1392 quibus
725 1327 1021 1379 exercitibus
1045 1331 1322 1394 praefuerat
1346 1338 1396 1378 et
1420 1345 1524 1378 rem
1549 1327 1804 1393 publicam

53 1394 70 1416 ⁸
111 1419 352 1473 vtenuerat
388 1419 666 1475 sumpserat
701 1410 939 1475 pecunias
976 1428 1036 1460 ex
1071 1410 1398 1475 vectigalibus
1436 1420 1485 1460 et
1522 1427 1582 1460 ex
1616 1410 1805 1460 aerario

77 1455 102 1586 i:
128 1491 300 1558 populi
327 1492 577 1554 Romani;
613 1510 772 1557 eaque
804 1510 880 1542 res
914 1510 1062 1558 saepe
1080 1502 1198 1543 -erat
1221 1492 1417 1557 agitata,
1446 1510 1594 1558 saepe
1623 1493 1807 1564 omissa

53 1546 56 1606 Ι
72 1550 73 1553 ,

127 1573 306 1639 partim
330 1582 531 1639 propter
547 1575 768 1637 gratiam
793 1576 1106 1624 Sullanarum
1131 1575 1364 1639 partium,
1389 1575 1568 1640 partim
1595 1614 1803 1624 ......

106 1711 107 1714 ¹
130 1694 296 1705 .....
319 1657 457 1720 quod
482 1655 710 1720 iniquum
730 1656 991 1707 videbatur
1015 1666 1128 1721 post
1158 1666 1232 1707 tot
1257 1674 1416 1707 annos
1441 1665 1498 1707 ut
1520 1674 1671 1721 quarn
1697 1656 1808 1721 quis

54 1767 55 1784 ι
128 1738 394 1803 pecuniam
419 1748 678 1803 acceperat
708 1756 885 1803 resque
911 1778 1675 1790 ....................
1706 1741 1810 1789 red-

63 1872 65 1876 !
103 1829 109 1833 “
129 1821 268 1871 deret
291 1820 548 1871 rationem.

838 1927 1106 1975 STATIM

54 2048 71 2086 3⁴
118 2075 119 2079 ,
203 2025 396 2072 Antea
431 2039 571 2072 vero
607 2039 781 2087 quam
824 2025 1142 2073 multarum
1186 2040 1375 2073 rerum
1418 2023 1644 2073 iudicia
1687 2025 1814 2073 sub-

107 2106 256 2154 lata
297 2104 430 2165 sint,
469 2114 526 2154 et
567 2104 705 2169 quia
748 2105 918 2155 scitis
960 2115 1279 2170 praetereo
1321 2115 1378 2155 et
1420 2124 1491 2155 ne
1534 2122 1705 2170 quem
1755 2106 1812 2154 in

70 2197 95 2263 ,ι
139 2185 430 2236 iudicium
466 2187 660 2237 oratio
697 2205 826 2238 mea
861 2205 1139 2238 revocare
1175 2187 1464 2238 videatur.

64 2277 118 2306 Ὗ·
205 2270 347 2319 Bello
374 2269 551 2319 Italico
575 2271 714 2334 quod
738 2269 830 2319 fuit
861 2270 1265 2320 adulescentibus
1298 2271 1393 2320 illis
1418 2271 1504 2335 qui
1538 2280 1644 2320 tum
1679 2271 1731 2320 in
1764 2288 1815 2320 re

56 2401 58 2407 ,
118 2349 337 2416 publica
359 2350 607 2416 vigebant,
634 2368 749 2402 cum
775 2352 919 2402 multi
942 2352 1092 2403 Varia
1116 2355 1224 2418 lege
1248 2353 1419 2418 inique
1444 2355 1812 2414 damnarentur,

55 2194 57 2210 i

55 2216 57 2226 A

90 2590 94 2601 .
200 2571 218 2598 1
250 2559 334 2598 nisi
354 2557 450 2598 add.
474 2558 534 2599 ed.
559 2558 660 2599 Ald.
758 2573 783 2599 2
814 2560 1106 2601 decrevissem
1122 2561 1313 2613 Poggius
1406 2575 1432 2612 3
1452 2565 1756 2613 pugnauerunt
1770 2565 1814 2610 Σ,

56 2643 73 2656 ,ψ
92 2639 95 2654 ι
141 2625 240 2653 corr.
255 2613 455 2654 Bz'ae'cheler
567 2627 616 2666 13
636 2615 766 2654 filium
781 2615 896 2655 PM:
927 2645 1290 2656 ...........
1308 2615 1346 2655 S
1461 2629 1509 2666 14
1531 2617 1647 2656 etP:
1668 2622 1710 2656 et
1731 2627 1816 2668 quc)

57 2675 73 2727 ‚⁵
143 2667 195 2707 M
205 2682 214 2707 ε
245 2674 288 2708 et
308 2681 393 2720 quo
410 2675 605 2720 tempore
625 2668 663 2709 S
795 2683 842 2721 17
872 2671 1052 2720 gratiam
1069 2669 1127 2710 S:
1147 2683 1231 2710 om.
1247 2671 1342 2711 PM
1412 2672 1672 2723 syllanorum
1687 2668 1815 2711 So‘zo-

95 2750 114 2754 ..
145 2735 295 2764 menus
404 2753 767 2765 ...........
791 2727 904 2776 quod
925 2724 988 2765 S:
1017 2725 1131 2776 quod
1152 2724 1266 2766 PM:
1297 2726 1423 2766 etiarn
1445 2726 1562 2777 quod
1582 2725 1684 2767 KS:
1705 2727 1812 2778 fori.

57 2812 59 2834 ,
98 2822 99 2826 Ἰ
123 2782 374 2829 'propterea
393 2780 505 2830 quod
696 2781 745 2819 18
774 2786 838 2820 tot
869 2784 1008 2821 annes
1044 2786 1088 2819 ut
1122 2779 1233 2821 KS:
1263 2786 1327 2821 tot
1357 2793 1493 2821 annos
1523 2801 1616 2812 uu·-
1636 2780 1698 2822 P:
1731 2787 1818 2822 tota

57 2837 102 2894 '33
145 2837 240 2872 ante
261 2834 311 2872 18
331 2833 402 2874 litt.
426 2833 500 2874 Iac.
525 2833 562 2873 S
582 2849 591 2874 z
621 2840 709 2874 tota
729 2847 866 2874 annos
889 2864 1039 2875 .....
1065 2833 1118 2873 Μ
1134 2849 1145 2875 ε
1160 2836 1264 2887 sort.
1298 2841 1359 2876 tot
1388 2849 1602 2876 annorum
1631 2837 1816 2887 spatium

58 2903 59 2909 ¹
94 2900 121 2939 ξ·
145 2898 268 2939 quam
289 2888 383 2938 quis
402 2887 462 2929 ed.
485 2887 589 2928 Ald.
611 2903 621 2929 ε
650 2902 774 2940 quarn
797 2890 868 2941 qui
889 2894 920 2931 Σ
1023 2927 1027 2931 ,
1104 2902 1153 2939 19
1178 2903 1335 2942 resque
1356 2920 1716 2932 ...........
1743 2892 1816 2943 (20

57 2947 78 3002 ,““
95 2942 102 2984 3
145 2940 218 2982 litt.
238 2941 276 2982 S
282 2946 297 2995 )
315 2959 323 2982 z
356 2943 655 2995 residuamque
674 2945 787 2996 apud
808 2957 856 2984 se
876 2944 1073 2996 habebat,
1098 2945 1190 2986 eius
1211 2945 1451 2985 Mommsen
1581 2959 1632 2985 22
1663 2946 1815 2986 iudicia

58 3013 60 3024 r
95 2985 104 3037 i
147 2993 258 3036 PM:
290 3027 509 3037 .......
535 2997 572 3036 S
694 3012 746 3049 23
776 2998 894 3039 scitis
915 2997 952 3038 S
960 2998 1026 3037 ¹1³¹
1047 3014 1056 3039 τ
1085 3000 1228 3040 scistis
1249 2998 1418 3039 S2P²M
1527 3006 1749 3052 praeterea
1770 3005 1815 3049 Σ,

57 3049 62 3115 ι
90 3079 95 3090 ,
147 3063 244 3091 corr.
269 3049 492 3092 Manutius
603 3062 644 3094 et
667 3067 721 3093 ne
743 3053 779 3092 S
797 3069 805 3094 ε
837 3060 880 3094 ut
902 3067 956 3094 ne
981 3054 1069 3092 PM
1176 3066 1227 3104 25
1258 3055 1340 3094 inis
1361 3068 1443 3094 om.
1465 3055 1499 3095 S
