1988 3334
633 114 710 164 IN
748 111 1218 188 SCAVRIANAM
1262 188 1265 190 Β
1701 120 1758 156 ει

78 295 83 299 -
160 256 354 310 Subiit
407 255 584 307 etiarn
642 254 847 320 populi
908 251 1195 302 iudicium
1259 249 1600 314 inquirente
1661 248 1760 299 Cn.

52 392 54 412 ;
91 339 358 393 Domitio
395 338 637 388 tribuno
673 335 878 401 plebis,

52 426 55 462 ³
89 423 97 466 ῐ
158 423 250 475 Cn.
281 419 534 471 Domitius
571 418 656 484 qui
690 419 866 469 consul
899 416 991 467 fuit
1029 432 1145 467 cum
1181 416 1238 466 C.
1267 413 1458 476 Cassi0,
1487 430 1602 463 curn
1636 422 1765 463 esset

52 501 55 521 ¹
89 504 313 558 tribunus
338 503 516 569 plebis,
539 502 689 552 iratus
721 503 907 552 Scauro
939 501 1083 565 quod¹
1112 515 1229 549 eum
1258 497 1312 547 in
1341 513 1584 562 augurum
1618 497 1763 546 colle-

87 587 220 656 gium
267 603 371 636 non
418 593 748 650 cooptaverat,
794 583 929 634 diem
977 582 1024 632 ei
1070 580 1193 631 dixit
1239 582 1375 645 apud
1421 580 1666 644 populum
1715 588 1763 628 et

52 669 54 728 J
89 671 294 721 multam
335 666 577 732 irrogavit,
620 667 758 731 quod
797 665 903 715 eius
945 681 1096 729 opera
1138 679 1276 713 sacra
1321 661 1495 727 populi
1545 660 1763 710 Romani

88 751 344 804 ‘deminuta
367 766 475 800 esse
499 749 701 800 diceret.
774 746 984 799 Crimini
1017 746 1170 796 dabat
1203 761 1340 794 sacra
1363 743 1565 808 publica
1589 743 1761 808 populi

87 832 306 888 Romani
330 834 482 883 deum
508 830 771 882 Penatium
798 846 927 895 quae
960 828 1138 878 Lavini
1170 830 1345 878 fierent
1370 843 1521 891 opera
1545 825 1650 876 eius
1676 825 1764 874 mi·
1789 833 1850 881 19

52 929 53 990 ᾗ
87 919 180 973 hus
204 925 335 967 recte
360 925 595 979 casteque
620 914 738 964 fieri.
798 915 916 976 Quo
941 911 1147 963 crimine
1166 912 1425 961 absolutus
1451 919 1524 959 est
1550 911 1762 960 Scaurus

52 994 54 1011 '
87 999 307 1067 quidem,
333 999 422 1048 sed
460 998 528 1047 ita
563 1006 618 1047 ut
653 1014 683 1047 a
717 996 874 1046 tribus
911 995 1139 1045 tribubus
1181 995 1512 1053 damnaretur,
1540 1009 1569 1041 a
1605 1006 1761 1040 xxxu

85 1083 436 1143 absolveretur,
461 1090 510 1131 et
542 1080 594 1129 in
626 1080 704 1129 his
736 1095 896 1144 pauca
928 1086 1113 1142 puncta
1146 1076 1273 1126 inter
1305 1074 1679 1160 damnationem
1715 1082 1763 1122 et

85 1159 450 1217 absolutionem
476 1163 781 1213 interessent.

52 1428 97 1464 q}
787 1372 1051 1420 IBIDEM

85 1474 103 1524 ἱ
155 1470 246 1537 (2.)
286 1472 444 1519 Reus
482 1478 568 1518 est
604 1470 797 1517 factus
835 1485 864 1517 a
901 1469 962 1530 Q.
997 1465 1255 1516 Servilio
1293 1465 1598 1530 Caepione
1636 1467 1763 1529 lege

52 1550 350 1623 §ervilim
402 1568 532 1601 cum
580 1549 806 1599 iudicia
859 1566 1043 1614 penes
1092 1557 1432 1612 equestrem
1489 1547 1761 1597 ordinem

52 1630 285 1714 ipssent
324 1642 380 1683 et
417 1636 471 1682 P
512 1631 745 1681 Rutilio
783 1633 1063 1681 damnato
1101 1647 1276 1680 nemo
1313 1639 1428 1680 tam
1472 1629 1761 1680 innocens

52 1716 387 1799 leideretur
423 1724 483 1765 ut
520 1731 635 1764 non
674 1713 911 1763 timeret
947 1712 1067 1762 illa.

68 1852 108 1873 ‚·.
155 1800 216 1863 Q.
245 1797 477 1848 Servilius
515 1795 705 1861 Caepio
740 1798 979 1846 Scaurum
1016 1795 1083 1844 ob
1121 1794 1382 1859 legationis
1410 1794 1661 1845 Asiaticae
1694 1795 1764 1844 in-

52 1886 53 1936 }
86 1847 267 1940 {sidiam
305 1890 354 1931 et
389 1882 624 1931 adversus
661 1882 793 1944 leges
830 1878 1154 1944 pecuniarum
1185 1888 1440 1943 captarum
1475 1895 1613 1928 reum
1648 1879 1762 1928 fecit

66 1986 68 1988 ’
87 1965 470 2029 repetundarum
506 1964 614 2026 lege
650 1978 801 2026 quam
839 1960 950 2010 tulit
986 1960 1219 2010 Servilius
1254 1960 1474 2010 Glaucia.
1550 1962 1762 2011 Scaurus

87 2054 222 2118 §anta
246 2045 337 2095 fuit
369 2043 678 2095 continentia
709 2043 863 2093 animi
900 2053 949 2094 et
983 2043 1327 2107 magnitudine
1360 2052 1414 2093 ut
1451 2043 1760 2108 Caepionem

86 2137 256 2197 eontra
291 2145 430 2179 reum
467 2126 698 2178 detulerit
727 2136 776 2176 et
809 2126 1034 2176 breviore
1065 2126 1148 2176 die
1185 2126 1519 2191 inquisitionis
1556 2136 1762 2191 accepta

86 2211 300 2275 effecerit
335 2219 389 2261 ut
425 2210 507 2259 ille
542 2209 674 2274 prior
710 2225 912 2259 causam
949 2208 1171 2270 diceret3
1208 2211 1280 2258 M.
1309 2226 1511 2274 quoque
1540 2212 1759 2259 Drusum

87 2295 337 2350 tribunum
362 2295 523 2360 plebis
548 2296 837 2345 cohortatus
861 2293 922 2344 sit
947 2302 1001 2344 ut
1025 2293 1216 2344 iudicia
1234 2303 1575 2344 commutaret.

146 2439 166 2468 1
197 2427 309 2468 subit
331 2431 375 2478 Σ,
397 2441 497 2469 corr.
521 2426 620 2467 Μαι
726 2427 979 2477 anquirente
1003 2426 1245 2467 Mommsen
1358 2439 1384 2476 3
1412 2427 1458 2467 C.
1485 2426 1579 2469 add.
1604 2427 1761 2467 Manu-

73 2477 172 2532 ,tius
280 2497 305 2533 4
333 2482 559 2534 collegium
583 2482 651 2522 P:
679 2482 860 2532 collegio
881 2480 972 2521 SM
1105 2483 1133 2521 6
1162 2482 1337 2522 multam
1359 2480 1435 2522 M:
1467 2482 1665 2522 mulctam
1687 2481 1767 2522 SP

72 2537 218 2585 >multa
237 2538 332 2579 add.
343 2542 439 2591 post
455 2550 578 2578 sacra
598 2540 641 2589 Σ,
664 2550 737 2588 ego
757 2537 884 2577 delevi
901 2538 967 2588 (efi
992 2537 1057 2578 26.
1085 2549 1146 2587 11,
1167 2549 1231 2586 27.
1253 2537 1280 2576 8
1298 2541 1334 2576 et
1351 2549 1391 2586 9,
1415 2538 1482 2587 48.
1508 2536 1554 2587 5)
1738 2552 1759 2589 7

85 2590 303 2636 {deminuta
324 2593 361 2633 S
379 2608 390 2634 z
420 2593 623 2633 diminuta
643 2592 735 2631 PM
868 2592 894 2630 8
923 2592 1053 2632 lauini
1075 2591 1141 2631 P:
1171 2591 1300 2631 labini
1323 2590 1411 2630 SM
1519 2591 1691 2632 fuerunt
1713 2598 1755 2642 Σ,

88 2640 186 2695 ἒονν.
210 2645 432 2689 Manutius
637 2661 688 2687 10
717 2659 840 2686 xxxn
862 2645 900 2686 S
916 2660 925 2686 z
955 2658 1109 2687 xxxvn
1131 2644 1224 2684 PM
1428 2660 1472 2685 11
1507 2647 1569 2686 eis
1591 2653 1634 2698 Σ,
1658 2661 1760 2689 corr.

52 2757 54 2761 V
87 2691 284 2747 'Bacheler
447 2715 497 2742 12
527 2707 683 2742 essent
695 2702 745 2740 P1
920 2714 966 2751 17
998 2702 1169 2741 timeret
1188 2701 1253 2741 P:
1283 2702 1436 2741 timere
1457 2699 1547 2741 SM
1712 2704 1760 2743 18

53 2761 55 2765 “
89 2752 142 2807 Q.
163 2754 378 2810 Poggizus
407 2770 492 2809 que
512 2762 543 2799 Σ
690 2769 739 2806 19
769 2762 812 2796 et
833 2755 907 2796 del.
929 2754 1169 2796 Mommsen
1281 2769 1398 2796 reum
1418 2755 1488 2796 P:
1518 2769 1661 2796 rerum
1676 2755 1767 2796 SM

90 2820 144 2851 ιο
172 2808 368 2865 Glaucia]
391 2811 557 2853 claudia
576 2811 835 2863 gracchia2‚
860 2823 958 2852 corr.
985 2809 1186 2851 Lodoicus
1354 2824 1408 2850 22
1437 2812 1696 2852 contrarium
1715 2817 1758 2863 Σ,

83 2875 180 2906 corr.
203 2863 425 2907 Manutius
590 2879 641 2917 24
671 2866 748 2919 sit]
771 2865 849 2905 fuit
870 2864 908 2905 S
