1988 3334
332 132 408 181 IN
446 131 882 182 ORATIONEM
923 130 1000 178 IN
1038 129 1233 179 TOGA
1270 131 1600 180 CANDIDA
1741 132 1801 191 87

131 270 285 320 niam
318 271 636 321 absolutus
671 286 744 320 es.
835 268 1126 319 Mentitos
1164 285 1292 319 esse
1330 268 1566 333 equites
1604 271 1807 318 Roma-

50 338 60 391 {5
95 355 98 357 ’
131 370 249 415 nOS,
289 355 470 403 falsas
507 352 694 402 fuisse
730 353 989 402 tabellas
1026 350 1498 401 honestissimae
1538 349 1806 400 civitatis

130 434 419 495 existimo,
456 433 772 484 mentitum
810 435 873 497 Q.
916 434 1231 483 Metellum
1270 432 1453 493 Pium,
1494 431 1805 482 mentitam

48 519 59 567 -ζ
130 515 413 567 Africam:
467 515 692 566 vidisse
739 524 884 580 puto
931 514 1139 565 nescio
1188 514 1335 579 quid
1381 514 1524 564 illos
1571 513 1806 565 iudices

65 610 67 614 '
130 598 229 664 qui
271 607 326 648 te
367 598 755 648 innocentem
798 596 1157 647 iudicarunt.
1233 598 1280 647 O
1324 595 1499 647 miser
1542 596 1643 661 qui
1690 613 1807 646 non

130 680 356 731 sentias
404 679 509 730 illo
551 679 780 730 iudicio
828 689 885 730 te
927 696 1044 730 non
1091 679 1441 729 absolutum
1484 695 1687 729 verum
1735 679 1807 728 ad
1831 678 1896 738 78

55 763 58 822 }
94 816 97 818 ,
127 762 380 827 aliquod
414 762 677 812 severius
711 761 1000 812 iudicium
1026 778 1092 811 ac
1127 761 1312 811 maius
1338 761 1706 826 supplicium
1732 778 1808 810 re-

55 841 68 915 ssi
129 847 448 896 servatum!

63 926 69 935 '
197 925 382 977 Verine
407 943 524 991 ergo
549 925 710 975 simile
739 934 814 975 est
839 927 964 976 haec
989 942 1105 975 eum
1136 924 1384 976 Catilinae
1414 924 1632 986 obicere,
1657 923 1698 973 si
1722 923 1808 973 illo

54 997 67 1075 i
95 1039 100 1046 »
128 1010 431 1060 defendente
472 1009 731 1059 absolutus
779 1010 947 1058 esset?
1019 1010 1280 1058 Praeterea
1321 1016 1490 1057 movet
1529 1024 1610 1057 me
1653 1007 1804 1071 quod,

46 1119 47 1139 ;
129 1108 244 1142 cum
293 1090 391 1141 sint
438 1090 785 1146 commentarii
834 1089 1094 1141 Ciceronis
1145 1106 1423 1149 causarum,
1475 1088 1581 1138 eius
1637 1097 1807 1138 tamen

46 1158 69 1233 253
128 1172 433 1224 defensionis
470 1175 664 1222 nullum
699 1180 772 1221 est
803 1171 1222 1222 commentarium
1258 1180 1344 1221 aut
1380 1170 1694 1235 principium.

54 1235 67 1255 Ἰ
198 1257 277 1304 Ita
323 1254 530 1320 quidem
577 1253 765 1304 iudicio
808 1254 1067 1303 absolutus
1107 1261 1182 1303 est
1230 1251 1447 1304 Catilina
1493 1261 1548 1301 ut
1597 1252 1807 1303 Clodius

44 1326 69 1403 ,³¹²1
129 1337 325 1388 infamis
354 1336 500 1387 fuerit
535 1335 896 1402 praevaricatus
934 1353 1072 1386 esse:
1115 1352 1232 1385 nam
1266 1344 1315 1386 et
1348 1335 1550 1385 reiectio
1583 1335 1806 1386 iudicum

44 1422 46 1425 ’
91 1429 99 1464 ’ἰ
129 1421 195 1471 ad
219 1418 476 1470 arbitrium
500 1418 571 1469 rei
595 1418 858 1469 videbatur
882 1435 991 1468 esse
1015 1420 1158 1468 facta.

94 1498 97 1499 ⁷
198 1503 491 1567 Populum
533 1518 673 1551 vero
716 1518 845 1550 curn
894 1500 1281 1563 inspectante
1323 1501 1548 1564 populo
1585 1501 1806 1549 collum

129 1583 322 1634 secuit
369 1582 631 1632 hominis
676 1582 928 1632 maxime
970 1581 1279 1647 popularis
1324 1581 1534 1645 quanti
1582 1583 1806 1631 faceret

87 1691 89 1695 ⁴
129 1664 411 1717 ostendit.

44 1804 45 1819 1
197 1747 427 1797 Diximus
458 1757 506 1797 et
539 1749 689 1811 paulo
722 1755 838 1796 ante
866 1746 995 1795 Mari
1028 1755 1177 1811 caput
1214 1745 1480 1797 Catilinam
1514 1763 1600 1810 per
1629 1746 1803 1796 urbem

92 1831 98 1872 ἶ
127 1829 309 1880 tulisse.

43 1898 52 1966 y,
199 1914 294 1962 Me
320 1929 434 1976 qua
457 1911 716 1962 amentia
740 1911 1026 1961 inductus
1052 1910 1127 1960 sit
1154 1920 1214 1959 ut
1239 1919 1657 1960 contemneret
1677 1927 1807 1960 con-

129 1993 379 2044 stituere
404 2011 521 2044 non
547 2010 803 2058 possum.
866 1995 1076 2042 Vtrum
1101 2009 1295 2056 aequo
1320 1991 1521 2042 animo
1547 1994 1803 2042 laturum

94 2075 398 2140 putavit?
469 2078 545 2125 At
581 2075 639 2124 in
678 2093 783 2125 suo
826 2074 1306 2124 familiarissimo
1339 2074 1573 2124 viderat
1611 2091 1699 2124 me
1735 2092 1804 2124 ne

95 2220 97 2222 Ι
129 2158 380 2208 aliorum
415 2160 640 2222 quidem
677 2157 928 2206 iniurias
966 2155 1354 2207 mediocriter
1390 2173 1565 2221 posse
1601 2157 1766 2206 ferre.

202 2240 527 2291 Manifestum
552 2249 627 2291 est
654 2241 709 2292 C.
738 2243 945 2290 Verrem
972 2238 1248 2304 significari.

42 2370 43 2375 ,
198 2325 367 2373 Alter
418 2340 635 2388 pecore
683 2322 845 2373 omni
893 2321 1146 2371 vendito
1195 2331 1252 2370 et
1305 2320 1565 2370 saltibus
1618 2338 1803 2385 prope

130 2404 391 2455 addictis
439 2414 716 2469 pastores
765 2403 1004 2464 retinet,
1053 2421 1121 2453 ex
1168 2402 1387 2466 quibus
1435 2402 1517 2451 ait
1566 2419 1624 2452 se
1673 2419 1802 2452 cum

40 2480 51 2549 ,ἶ
102 2486 274 2537 ¹velit
310 2486 513 2536 subito
549 2485 938 2551 fugitivorum
978 2486 1202 2534 bellum
1240 2483 1648 2534 excitaturum.
1720 2532 1725 2536 .

48 2567 50 2579 '
196 2571 253 2621 C.
283 2568 559 2619 Antonium
586 2567 842 2633 significat.

181 2713 207 2750 3
237 2699 458 2739 mentitum
479 2701 522 2749 Σ,
548 2711 648 2738 corr.
668 2697 729 2737 ed.
750 2697 865 2736 Iunt.
1007 2710 1031 2746 4
1062 2701 1163 2747 puto
1186 2695 1406 2735 Manutius
1426 2709 1434 2734 z
1464 2696 1576 2746 apud
1599 2699 1653 2736 Σ;
1687 2695 1801 2734 aliud

128 2753 324 2794 Bu‘cheler
485 2753 556 2793 illo
586 2756 634 2803 Σ,
662 2765 762 2792 corr.
792 2751 1019 2792 Manutius
1258 2764 1285 2801 9
1314 2750 1483 2802 verine]
1517 2749 1687 2790 ‘Vincis
1721 2764 1800 2791 me.

40 2814 41 2856 Τ
70 2815 71 2818 ’
130 2807 276 2859 ltaque
296 2813 400 2860 puto
421 2821 506 2848 non
528 2807 774 2847 defendisse
794 2807 870 2846 sed
891 2812 1056 2847 tantum
1077 2806 1130 2846 de
1151 2804 1423 2845 defendendo
1444 2805 1656 2855 cogitasse
1685 2805 1802 2855 quod

40 2872 51 2914 ῃ
69 2905 71 2910 ,
129 2875 204 2914 per
217 2863 444 2914 epistolam
465 2862 611 2913 negari
632 2875 720 2902 non
741 2866 883 2912 potest
898 2862 907 2877 ³
929 2876 958 2900 π
977 2861 1021 2900 in
1043 2874 1129 2913 mg.
1303 2872 1354 2899 10
1382 2866 1448 2899 est
1469 2863 1511 2907 Σ,
1536 2872 1637 2898 corr.
1662 2859 1807 2899 Bailer

33 2918 51 2965 ἐι
69 2940 72 2971 ;
98 2949 101 2955 .
133 2930 178 2958 11
209 2930 432 2958 causarum
452 2918 624 2958 Baiter:
654 2929 797 2956 earum
820 2920 850 2956 Σ
989 2916 1081 2956 eius
1102 2922 1243 2955 tamen
1265 2914 1531 2954 defensionis
1553 2914 1712 2953 nullum
1733 2920 1801 2954 est

40 2972 42 2987 ²
70 2978 72 2982 ’
92 3008 96 3019 ,,
127 2972 271 3024 scripsi
285 2987 295 3013 ε
325 2972 453 3012 etiam
477 2969 546 3022 <effe
566 2971 641 3023 Μ)
663 2971 957 3011 defensionum
989 2974 1020 3012 Σ
1245 2983 1293 3020 13
1322 2969 1380 3008 ita
1398 2969 1513 3019 quod
1535 2972 1577 3016 Σ,
1597 2982 1697 3007 corr.
1722 2969 1803 3008 ΚΒ

72 3023 73 3027 ’
129 3026 348 3068 absolutus
379 3032 446 3067 est
476 3025 594 3066 PM:
625 3032 690 3067 est
721 3025 938 3065 absolutus
971 3025 1008 3065 S
1189 3039 1237 3075 14
1268 3030 1385 3064 esset
1416 3028 1460 3074 Σ,
1493 3036 1591 3063 corr.
1628 3022 1805 3074 Madvig

133 3094 184 3133 19
213 3081 343 3134 Mari]
367 3094 494 3120 manu
514 3080 551 3121 S
726 3093 774 3119 21
808 3080 860 3120 sit
880 3080 1081 3132 Madvig:
1111 3085 1179 3120 est
1199 3085 1230 3121 Σ
1410 3092 1461 3118 22
1492 3078 1635 3117 animo
1656 3092 1741 3118 om.
1765 3077 1807 3116 Ρ

129 3148 182 3176 an
203 3137 244 3176 in
265 3139 309 3186 Σ,
329 3148 430 3176 corr.
455 3134 630 3186 Madthg
749 3147 803 3185 24
831 3134 999 3185 quidem
1021 3133 1116 3174 add.
1139 3134 1200 3174 ed.
1224 3132 1327 3174 Ald.
1443 3145 1494 3183 25
1524 3132 1735 3182 significat
1756 3136 1802 3182 Σ,

131 3203 230 3231 corr.
254 3189 313 3230 ed.
337 3191 450 3230 lunt.
565 3203 615 3241 27
648 3190 804 3230 additis
824 3194 866 3239 Σ,
889 3202 988 3228 corr.
1013 3188 1220 3229 Beraldus
