1988 3334
210 132 266 178 72
850 84 852 87 ¹
870 121 1216 171 Ascomvs

330 182 367 189 —x

205 422 330 483 nia3
383 439 589 487 neque,
637 439 769 472 cum
811 425 1061 473 salutem
1109 426 1337 489 populo
1386 427 1659 475 Romano
1698 435 1876 490 atque
1935 428 1958 481 ῑῑ

204 503 482 554 omnibus
509 503 788 568 gentibus
823 505 1005 556 finem
1038 505 1358 557 diuturnae
1391 506 1786 571 turpitudinis
1819 516 1876 558 et
1938 502 1958 563 ’ζῗ

204 585 514 636 servitutis
555 588 819 647 afferret,
859 604 1067 651 passus
1103 597 1192 638 est
1228 590 1361 653 plus
1397 588 1573 638 unius
1609 590 1881 654 collegae.
1957 588 1958 597 ’

204 667 296 717 sui
355 685 530 732 quam
595 668 908 720 universae
973 669 1240 720 civita-tis
1299 686 1502 721 vocem
1571 671 1769 722 valere
1827 666 1887 723 et'-

204 751 590 800 voluntatem.
1884 808 1886 810 ,
1937 804 1959 826 ·;

275 831 599 881 Manifestum
625 839 700 882 est
724 833 788 882 de
813 849 872 882 ea
894 835 1002 898 lege
1027 834 1217 884 Gabini
1232 832 1529 885 Ciceronem
1554 850 1688 884 nunc
1712 833 1876 886 dicere

206 928 306 976 qua
359 913 451 963 Cn.
504 912 747 977 Pompeio
794 914 983 963 bellum
1035 915 1272 965 adversus
1319 913 1501 980 piratas
1554 916 1728 965 datum
1786 923 1900 975 ests
1934 914 1959 983 ’ξ

112 999 183 1060 64
208 996 262 1042 L.
290 1002 458 1044 autem
488 994 767 1045 Trebellius
790 1003 862 1045 est
883 995 1109 1046 tribunus
1139 996 1299 1061 plebis
1324 1013 1474 1061 quem
1501 1013 1595 1046 non
1621 996 1847 1047 nominat
1865 1016 1882 1048 :.
1940 1044 1959 1065 ,

205 1092 307 1140 quo
366 1085 710 1140 perseverante
770 1076 1266 1128 intercedere—nam
1331 1077 1525 1128 senatui
1587 1078 1877 1143 promiserat

204 1155 496 1206 moriturum
533 1174 586 1207 se
617 1166 734 1208 ante
765 1174 915 1222 quam
950 1158 1033 1208 illa
1067 1161 1145 1209 lex
1180 1159 1672 1224 perferretur—intro
1700 1177 1876 1210 vocare

201 1238 358 1288 tribus
389 1238 634 1289 Gabinius
659 1239 825 1304 coepit
860 1249 914 1290 ut
943 1240 1196 1291 Trebellio
1233 1240 1572 1306 magistratum
1601 1242 1886 1306 abrogaret,
1932 1234 1959 1292 ἑὲ»

201 1321 329 1370 sicut
357 1321 614 1384 quondam
644 1315 721 1370 Ti.
759 1322 1019 1371 Gracchus
1048 1321 1276 1372 tribunus
1304 1324 1380 1374 M.
1416 1322 1628 1374 Octavio
1658 1325 1893 1389 collegae
1950 1311 1959 1380 *ss

200 1419 291 1452 suo
316 1402 653 1467 magistratum
677 1403 943 1467 abrogavit.
996 1405 1061 1454 Et
1083 1404 1299 1469 aliquam
1325 1404 1411 1455 diu
1436 1405 1713 1456 Trebellius
1738 1423 1797 1456 ea
1814 1423 1865 1456 re
1882 1451 1883 1454 ,
1933 1396 1959 1460 f?

201 1500 304 1533 non
323 1483 606 1548 perterritus
631 1486 802 1535 aderat
826 1486 1177 1550 perstabatque
1202 1486 1253 1535 in
1278 1486 1645 1549 intercessione,
1669 1489 1807 1552 quod
1824 1488 1875 1539 id
1941 1479 1951 1531 ’ἒ

202 1565 378 1615 minari
415 1565 570 1630 magis
595 1583 746 1631 quam
780 1577 1205 1631 perseveraturum
1236 1585 1345 1619 esse
1376 1569 1650 1620 Gabinium
1679 1569 1886 1620 arbitra-·
1927 1564 1949 1579 “’

202 1648 346 1697 batur
360 1666 374 1709 3
406 1650 494 1698 sed
515 1657 797 1713 postquam
824 1664 859 1698 x
879 1659 927 1700 et
954 1665 1026 1699 v11
1048 1650 1204 1700 tribus
1229 1650 1536 1716 rogationem
1561 1654 1888 1716 acceperunt‚'
1946 1637 1950 1644 ¹

202 1739 255 1779 ut
303 1747 403 1779 una
451 1729 615 1780 minus
663 1739 806 1792 esset,
859 1740 907 1781 et
956 1733 1110 1782 modo
1154 1749 1253 1782 una
1300 1741 1550 1797 supererat
1598 1739 1657 1782 ut
1705 1731 1893 1798 populi

201 1811 389 1861 iussum
422 1812 702 1872 conficeret,
730 1811 915 1862 remisit
940 1812 1344 1863 intercessionem
1369 1814 1675 1864 Trebellius:
1713 1822 1862 1878 atque
1937 1812 1951 1875 j¹

204 1893 270 1942 ita
295 1895 455 1958 legem
483 1893 728 1943 Gabinius
754 1895 818 1944 de
843 1894 1011 1959 piratis
1036 1895 1392 1960 persequendis
1417 1895 1629 1960 pertulit.
1887 1895 1889 1899 ’

271 1979 346 2025 At
370 1975 524 2026 enim
550 1978 621 2026 de
646 1976 1000 2040 corrigenda
1024 1979 1151 2041 lege
1176 1980 1546 2028 rettulerunt.

272 2057 501 2108 Diximus
538 2058 636 2107 iam
672 2058 723 2107 in
759 2058 1002 2123 principio
1040 2059 1328 2111 Cornelium
1365 2059 1525 2124 primo
1567 2062 1726 2124 legem
1768 2075 1887 2124 pro-¹

203 2142 447 2204 mulgasse
471 2157 535 2190 ne
559 2139 669 2204 quis
694 2157 782 2204 per
805 2148 1032 2190 senatum
1057 2142 1163 2204 lege
1189 2142 1467 2201 solveretur,
1497 2148 1599 2190 tum
1626 2141 1796 2191 tulisse
1819 2149 1879 2210 ut¹

202 2231 309 2270 tum
334 2220 552 2285 denique
585 2222 649 2271 de
685 2238 743 2271 ea
775 2238 827 2271 re
863 2223 908 2272 S.
940 2222 995 2273 C.
1024 2223 1174 2282 fieret,
1203 2239 1318 2272 cum
1352 2224 1585 2274 adessent
1617 2222 1668 2272 in
1698 2213 1881 2273 senatu

203 2318 305 2352 non
332 2301 495 2351 minus
520 2317 595 2352 ce.
672 2304 816 2352 Haec
842 2312 916 2353 est
940 2302 1022 2352 illa
1047 2320 1197 2367 quam
1222 2305 1437 2368 appellat
1462 2304 1714 2355 correctio.

262 2439 279 2465 1
313 2425 385 2475 qui
406 2424 442 2464 S
605 2438 630 2464 2
659 2424 737 2477 A.]
759 2432 833 2466 aut
852 2424 957 2476 SP1,
978 2439 1062 2466 om.
1083 2425 1157 2466 M:
1186 2426 1323 2466 Aulus
1343 2426 1531 2478 Poggius
1701 2441 1727 2478 4
1757 2427 1885 2479 cupi·
1936 2464 1937 2467 ,

203 2480 350 2519 ditatis
379 2484 474 2519 ante
507 2480 782 2531 turpitudinis
810 2480 906 2521 add.
940 2483 983 2532 Σ,
1015 2480 1090 2521 del.
1123 2479 1301 2532 Madvig
1329 2481 1602 2531 (captivitatis
1629 2480 1851 2522 Manutius
1927 2503 1932 2539 g

203 2535 233 2573 6
260 2534 404 2574 ualere
419 2533 513 2573 PM
529 2548 538 2574 z
569 2563 824 2575 ........
849 2534 886 2574 S
987 2547 1008 2584 7
1040 2534 1297 2575 uoluntatem
1320 2534 1386 2576 P:
1415 2535 1637 2576 uoluntate
1657 2535 1747 2576 SM
1871 2559 1875 2569 ‹
1955 2576 1957 2581 f

204 2589 302 2639 lege
322 2618 575 2629 ........
599 2587 715 2629 SM:
745 2588 841 2639 lege
871 2589 936 2628 P:
966 2588 1097 2641 suppl.
1128 2589 1209 2629 KS
1427 2601 1494 2630 ‘10
1522 2597 1589 2631 est
1609 2589 1706 2632 add.
1728 2591 1830 2631 Bait
1861 2621 1863 2626 x
1937 2623 1940 2626 .

205 2656 293 2682 non
314 2642 412 2683 add.
436 2641 664 2683 Manutius
804 2656 847 2682 11
881 2650 1058 2683 senatus
1080 2648 1122 2695 Σ,
1146 2658 1245 2684 corr.
1269 2643 1534 2684 sozomenus
1674 2657 1722 2695 13
1751 2645 1868 2687 abro'
1930 2656 1935 2662 “

205 2703 359 2748 garent
380 2700 423 2747 Σ,
447 2711 549 2738 corr.
572 2696 795 2737 Manutius
964 2712 1012 2748 14
1042 2698 1106 2738 Ti.
1131 2698 1382 2739 Manutius:
1411 2699 1459 2739 C.
1484 2703 1515 2740 Σ
1680 2700 1814 2740 tribus
1848 2703 1876 2756 *γ’
1954 2707 1956 2715 “

210 2754 261 2791 16
289 2752 540 2802 perterritus
561 2765 648 2791 non
670 2755 714 2804 Σ,
737 2765 837 2792 corr.
859 2751 1083 2793 Manutius
1193 2753 1237 2791 in
1257 2752 1322 2792 P:
1351 2766 1435 2794 om.
1461 2752 1547 2793 SM
1666 2754 1735 2806 qui
1755 2766 1877 2804 quo·

206 2806 244 2845 S
353 2807 394 2846 id
415 2806 564 2846 minari
583 2805 664 2845 KS
683 2821 693 2846 ε
722 2807 913 2847 damnari
936 2811 995 2847 Σι
1025 2807 1174 2846 minari
1197 2807 1326 2846 Orelli
1483 2821 1532 2859 19
1561 2813 1606 2847 ut
1627 2821 1710 2848 una
1732 2809 1874 2848 minu
1924 2848 1927 2851 .

206 2866 322 2900 esset
339 2866 382 2900 et
403 2862 530 2900 modo
551 2873 636 2900 una
658 2862 761 2912 (una
781 2862 927 2914 modo)
950 2860 1128 2914 Madvig
1146 2876 1155 2902 z
1184 2867 1226 2901 et
1256 2874 1337 2901 una
1369 2875 1488 2902 mens
1515 2868 1629 2902 esset
1650 2869 1696 2902 ut
1719 2863 1759 2903 P
1779 2874 1867 2913 mg
1928 2871 1931 2875 ’

207 2915 285 2966 (m.
312 2915 385 2967 1):
420 2922 462 2954 et
490 2928 573 2954 una
604 2915 730 2955 modo
756 2914 879 2955 51³¹:
909 2921 952 2955 et
982 2926 1064 2955 una
1094 2928 1262 2967 quoque
1298 2928 1420 2956 mens
1447 2922 1562 2956 esset
1593 2922 1638 2956 ut
1664 2915 1718 2955 M
1819 2926 1870 2959 υτ

208 2974 219 3011 (
226 2974 320 3008 ante
341 2970 505 3019 populi}
522 2968 618 3009 add.
635 2968 695 3010 ed.
711 2970 824 3010 lunt.
1014 2984 1065 3020 24
1097 2976 1184 3010 tum
1205 2970 1375 3010 addidi:
1405 2985 1489 3010 om.
1510 2974 1541 3011 Σ
1559 2985 1568 3010 :
1598 2971 1752 3010 deinde
1770 2969 1858 3012 add
1917 2998 1919 3002 -

207 3023 430 3062 Manutius
594 3026 648 3063 26
677 3036 726 3063 cc
747 3024 966 3064 Manutius
986 3039 995 3064 :
1025 3031 1067 3063 et
1090 3029 1119 3065 Σ
1285 3030 1349 3064 est
1371 3024 1619 3064 Manutius:
1654 3031 1696 3065 et
1718 3030 1747 3066 Σ
1832 3054 1837 3059 -
1915 3030 1921 3050 k
