1988 3334
649 551 1189 612 PRAEFATIO

155 722 236 770 DE
282 719 488 770 Asconii
535 719 634 769 vita
676 728 724 769 et
766 718 1000 779 fontibus,
1044 736 1159 768 cum
1198 720 1367 770 omnia
1415 720 1513 768 iam
1561 719 1757 782 vulgata

86 803 197 863 sint,
255 803 418 852 dicere
478 802 886 867 supersedissem,
945 802 1038 851 nisi
1098 819 1289 852 vererer
1348 818 1412 852 ne
1472 809 1758 866 quereretur

87 885 252 936 nescio
293 884 403 949 quis
441 885 596 933 lector
638 901 690 934 se
729 885 963 935 subsidiis
1003 884 1252 934 tralaticiis
1296 883 1590 935 destitutum
1633 899 1755 932 esse.

12 962 13 984 ³
87 966 237 1031 Quod
274 965 313 1015 si
353 983 438 1016 eos
478 975 670 1015 tantum
708 968 984 1031 alloquerer
1022 967 1204 1032 quibus
1247 976 1443 1031 praesto
1487 975 1560 1016 est
1603 964 1758 1015 editio

87 1047 416 1099 Berolinensis
436 1062 549 1096 xxx
575 1047 759 1098 abhinc
778 1065 936 1099 annos
956 1049 1020 1098 ab
1040 1051 1099 1098 A.
1126 1048 1380 1112 Kiessling
1406 1057 1453 1098 et
1475 1050 1535 1097 R.
1559 1048 1758 1097 Schoell

86 1128 273 1195 egregie
305 1129 507 1190 curata,¹
540 1139 763 1194 poteram
795 1132 871 1180 his
906 1130 1101 1180 omissis
1132 1132 1196 1180 de
1230 1130 1418 1181 codicis
1454 1127 1760 1179 Matritensis

85 1209 380 1272 inventione,
410 1228 538 1276 quae
563 1211 710 1261 huius
735 1210 846 1262 libri
871 1229 1019 1262 causa
1045 1221 1131 1273 est,
1161 1211 1327 1262 statim
1352 1211 1605 1263 disserere.

153 1292 338 1344 Patavii
380 1311 432 1344 se
471 1303 643 1344 natum
681 1311 788 1344 esse
830 1294 936 1358 ipse
970 1296 1226 1359 profitetur
1265 1293 1552 1356 Asconius,2
1584 1295 1669 1358 qui
1710 1294 1759 1342 in

12 1368 13 1401 ³
86 1375 380 1428 Corneliana
428 1376 624 1426 Livium
672 1379 951 1426 ‘nostrum’
990 1379 1207 1442 appellat
1252 1377 1317 1443 (p.
1366 1392 1442 1440 77.
1486 1376 1567 1442 5):
1620 1377 1759 1426 domi

85 1457 302 1509 nobilem
327 1459 477 1508 fuisse
503 1460 758 1509 declarant
784 1458 886 1509 Silii
915 1460 978 1509 de
1004 1476 1190 1523 proavo
1216 1460 1321 1509 eius
1347 1476 1517 1509 versus

811 1557 996 1605 iuvenis
1031 1557 1280 1605 Pedianus
1315 1557 1366 1604 in
1404 1556 1558 1604 armis

216 1630 362 1685 Bella
399 1638 620 1701 agitabat
651 1644 810 1699 atrox,
857 1639 1169 1701 Troianaque
1202 1639 1385 1687 semina
1422 1644 1468 1686 et
1500 1644 1636 1687 ortus

217 1720 376 1782 Atque
411 1721 689 1768 Antenorea
725 1737 817 1769 sese
853 1722 908 1768 de
939 1721 1090 1783 ktirpe
1108 1720 1313 1783 ferebat.

1151 1801 1341 1851 Punica
1366 1803 1444 1851 xii.
1477 1819 1687 1862 212-14.

154 1897 308 1946 Hunc
331 1914 435 1947 non
454 1897 588 1947 bello
614 1906 807 1947 tantum
835 1899 923 1948 sed
949 1897 1121 1947 litteris
1148 1897 1372 1948 floruisse
1398 1898 1519 1948 dicit
1544 1907 1693 1963 poeta

943 2012 1023 2043 seu
1060 1997 1181 2043 bella
1217 1997 1358 2044 cieret

219 2077 312 2125 Seu
350 2092 511 2124 musas
539 2077 759 2139 placidas
794 2078 1042 2140 doctaeque
1075 2078 1268 2126 silentia
1305 2077 1432 2126 vitae

218 2158 401 2206 Mallet
434 2164 480 2206 et
510 2159 673 2208 Aonio
696 2161 880 2221 plectro
916 2161 1116 2207 mulcere
1151 2160 1347 2219 labores,

217 2238 334 2286 Non
371 2241 527 2287 ullum
562 2240 727 2288 dixere
750 2248 928 2303 parem
944 2258 967 2296 ,·
1012 2257 1092 2289 nec
1125 2242 1287 2289 notior
1318 2243 1446 2288 alter

227 2320 448 2370 Gradivo
483 2322 669 2372 iuvenis
704 2339 785 2371 nec
816 2324 1004 2372 Phoebo
1029 2324 1189 2372 notior
1222 2325 1360 2371 alter.

1379 2405 1447 2455 ib.
1477 2422 1500 2453 2
1514 2408 1638 2454 18-2
1648 2423 1688 2454 2.

12 2377 15 2486 l

14 2566 15 2570 Ἰ
155 2498 229 2547 Ex
252 2499 360 2564 ipso
385 2500 534 2549 etiam
554 2502 776 2549 Asconio
802 2501 1142 2551 testimonium
1169 2502 1233 2551 de
1258 2502 1437 2550 horum
1457 2511 1763 2552 commenta—

12 2585 15 2622 1
86 2578 265 2631 riorum
289 2590 450 2632 aetate
475 2583 734 2643 lucramur,
756 2582 842 2647 qui
868 2583 918 2631 in
945 2582 1211 2633 Scauriana
1237 2584 1507 2634 Caecinam
1529 2586 1757 2649 Largum,

13 2655 15 2668 ⁵
59 2723 62 2725 Α
88 2662 172 2727 qui
213 2666 386 2715 consul
425 2682 540 2715 curn
581 2666 796 2717 Claudio
839 2665 997 2727 suerit,
1039 2665 1208 2716 Scauri
1251 2667 1461 2716 domum
1505 2667 1759 2731 possidere

13 2771 15 2832 1
59 2743 218 2796 ‘dicat
249 2746 314 2812 (p.
361 2762 435 2810 27.
483 2749 629 2815 4-5):
670 2765 798 2813 quae
835 2749 984 2799 verba
1020 2765 1122 2798 non
1160 2749 1253 2799 nisi
1292 2758 1489 2799 mortuo
1527 2750 1756 2810 Claudio,

356 2878 370 2905 ¹
402 2878 593 2918 Berolini
614 2881 727 2930 apud
748 2880 1077 2931 Weidmannos‚
1104 2892 1378 2932 Mocccmzxv.

358 2935 373 2955 ²
403 2934 468 2974 Cf.
495 2934 543 2973 C.
569 2933 597 2974 1.
629 2934 674 2974 L.
697 2934 746 2974 V.
771 2936 891 2984 2820,
917 2937 1037 2985 2829,
1063 2936 1183 2986 2848,
1210 2936 1330 2986 2899,
1356 2946 1474 2985 2937.

914 3020 943 3051 V
