1988 3334
881 96 1286 145 PRAEFATIO

250 251 384 284 anno
410 252 499 296 142
507 253 534 298 3
562 235 800 296 rediisset,
822 236 1048 285 codicem
1076 252 1220 285 suum
1245 253 1274 285 a
1300 236 1512 286 Nicolao
1531 251 1677 300 saepe
1697 235 1921 300 repetiit:
1965 256 1969 276 ι

252 319 384 366 velut
408 333 542 366 anno
573 332 695 380 1427
725 317 878 366 dicit.¹

322 402 333 424 ‘
346 400 585 461 Exspecto
645 400 888 447 Valerium
943 401 1163 447 Flaccum
1218 400 1491 448 Pedianum
1538 405 1585 447 et
1640 399 1917 458 Varronem,
1963 399 1972 477 ἓξ

249 496 371 542 quae
378 479 561 542 forsan
587 481 908 531 transcribam
934 481 991 528 ni
1010 481 1257 528 distuleris
1281 482 1333 528 in
1359 481 1580 529 hiemem?
1963 472 1965 479 Α

319 561 533 610 Duobus
558 562 767 624 posthac
790 560 934 609 annis
960 560 1226 610 Nicolaum
1251 560 1509 626 increpat.2

322 646 334 669 ‘
348 644 625 691 Lucretium
655 643 855 691 tenuisti
872 651 971 705 per
995 660 1149 692 annos
1182 645 1570 705 quattuordecim,
1596 645 1749 692 eodem
1786 644 1925 691 modo
1966 657 1969 706 j

250 724 509 772 Ascanium
537 725 826 784 Pedianum,
852 725 920 772 sic
951 731 997 772 et
1028 726 1312 773 Petronium
1336 726 1595 773 Arbitrum
1627 731 1675 772 et
1704 724 1939 773 Statium.
1972 730 1975 774 ’ὲ

250 806 517 854 Silvarum.
557 843 566 853 .
593 843 603 853 .
633 843 642 854 .
678 807 814 867 Rogo
850 812 908 853 ut
935 808 1015 854 vel
1042 807 1321 854 Lucretium
1356 808 1436 854 vel
1451 807 1713 854 Ascanium
1749 806 1819 853 ad
1849 820 1920 852 me
1967 791 1969 810 ἶ

250 887 416 934 mittas
432 903 450 934 .·
486 902 602 948 quos
622 885 812 947 faciam
836 902 982 948 quam
1011 887 1230 949 primum
1255 886 1519 935 transcribi
1537 892 1583 934 et
1600 892 1765 948 postea
1789 886 1860 933 ad
1877 891 1922 933 te
1967 908 1976 967 'f

249 969 510 1029 remittam,
535 974 593 1016 ut
613 970 721 1016 illos
745 974 902 1016 teneas
923 974 1162 1030 quantum
1186 969 1326 1016 libet!

318 1047 585 1097 Nicolaum
634 1065 722 1096 sua
775 1064 927 1097 manu
974 1047 1250 1098 Asconium
1299 1050 1503 1098 demum
1557 1047 1919 1111 transcripsisse

249 1130 398 1179 docet
423 1128 676 1178 Ambrosii
709 1128 1124 1179 Camaldunensis
1159 1131 1224 1178 ad
1261 1146 1376 1178 eum
1411 1146 1545 1178 anno
1583 1146 1703 1192 1431
1739 1128 1920 1192 scripta

249 1209 473 1274 epistula,
501 1209 553 1258 in
577 1227 675 1274 qua
699 1220 773 1260 est
793 1229 802 1259 :
820 1211 836 1236 ³

321 1295 332 1316 ‘
353 1292 501 1354 Quod
530 1299 689 1340 autem
723 1293 986 1340 Ascanium
1020 1293 1292 1340 Pedianum
1327 1299 1374 1340 et
1411 1293 1629 1342 Cornelii
1654 1293 1784 1342 Celsi
1804 1292 1935 1354 fra·¹
1971 1282 1974 1313 ⁵

243 1379 438 1436 gmenta
463 1380 510 1421 et
529 1375 782 1422 Lactantii
802 1376 858 1422 de
882 1375 960 1422 ira
989 1375 1095 1422 Dei
1114 1381 1160 1422 et
1184 1374 1365 1437 opificio
1396 1375 1603 1423 hominis
1630 1375 1776 1423 libros
1809 1375 1921 1422 scri-
1971 1363 1974 1411 ²,

243 1457 398 1517 pseris
409 1456 537 1518 pari
555 1457 698 1503 laude
713 1456 1083 1518 prosequemur)

317 1538 538 1600 Apparet
573 1535 718 1599 igitur
753 1537 850 1586 hoc
886 1537 987 1585 fere
1023 1545 1246 1600 tempore
1284 1536 1453 1600 Poggii
1486 1535 1941 1600 efflagitationibus

251 1617 458 1667 cessisse
484 1616 750 1666 Nicolaum
776 1626 825 1666 et
850 1616 979 1667 iusto
1005 1617 1213 1667 domino
1238 1617 1465 1667 codicem
1491 1617 1780 1667 reddidisse.

319 1700 394 1747 Ex
426 1700 523 1748 hoc
555 1700 841 1762 apographo
877 1697 1130 1762 Poggiano
1162 1715 1215 1748 se
1248 1707 1381 1747 ortos
1411 1715 1519 1748 esse
1551 1699 1693 1747 multi
1717 1698 1918 1748 codices
1975 1740 1977 1744 ,

248 1789 503 1840 testantur,
555 1782 766 1830 eandem
815 1779 1055 1844 originem
1103 1779 1258 1829 editio
1316 1779 1545 1844 princeps
1603 1797 1737 1829 anno
1790 1795 1914 1843 1477

250 1861 473 1912 Venetiis
531 1862 770 1925 impressa
829 1861 923 1911 sibi
976 1861 1206 1911 vindicat.
1294 1862 1484 1911 Omnes
1543 1877 1659 1911 vero
1717 1861 1941 1911 codices
1974 1866 1979 1930 ᾗ

249 1942 488 2008 (exceptis
514 1943 673 2008 SMcr)
698 1959 757 1992 ex
782 1945 961 1993 eodem
992 1944 1128 1992 fonte
1161 1942 1358 1992 fluxisse
1390 1952 1628 2007 perpetua
1652 1943 1917 1993 consensio
1940 1999 1943 2003 ,
1987 1999 1988 2002 Ἴ

248 2026 568 2074 demonstrat.
643 2026 820 2088 Itaque
858 2023 1141 2087 Madvigius
1178 2024 1264 2088 qui
1300 2025 1446 2073 codd.
1491 2025 1605 2073 SM
1636 2041 1739 2074 non
1775 2034 1918 2074 norat

249 2106 371 2156 dixit
394 2110 405 2132 ‘
422 2107 587 2155 Multo
612 2105 768 2155 maior
792 2114 921 2155 esset
946 2107 1092 2156 codd.
1122 2104 1465 2169 discrepantia,
1487 2106 1917 2170 proferrenturque
1939 2100 1941 2106 ⁴

249 2187 470 2238 diversae
507 2203 677 2236 eorum
715 2186 953 2236 lectiones
990 2186 1154 2251 siqui,
1182 2203 1284 2236 non
1318 2186 1432 2237 dico
1466 2204 1524 2236 ex
1551 2186 1649 2236 alio
1674 2203 1823 2250 quam
1857 2204 1940 2237 ex·
1987 2225 1988 2235 ,

249 2268 567 2332 Sangallensi‚
595 2269 683 2318 sed
721 2267 760 2317 si
797 2285 855 2317 ex
891 2269 988 2318 hoc
1024 2267 1146 2332 ipso,
1175 2284 1278 2317 non
1311 2284 1370 2317 ex
1404 2267 1664 2331 Poggianis
1701 2268 1941 2329 schediss
1987 2270 1988 2275 ’

248 2348 454 2400 derivati
504 2358 681 2398 essent.
779 2350 929 2409 Nunc
977 2348 1198 2398 diversae
1246 2348 1472 2398 lectionis
1519 2348 1570 2397 in
1618 2348 1915 2398 Asconianis
1946 2367 1947 2370 ¹

247 2430 371 2479 nihil
396 2439 486 2492 est,
511 2429 606 2479 nisi
638 2429 914 2480 levissimae
948 2430 1216 2480 scribarum
1252 2429 1701 2480 recentissimorum
1726 2431 1915 2480 aberra-

246 2512 407 2562 tiones
433 2520 482 2562 et
505 2511 752 2562 editorum
777 2512 1121 2562 coniecturae.’
1194 2514 1309 2575 Ipse
1333 2513 1397 2562 ad
1423 2509 1653 2561 editionis
1678 2511 1913 2576 principis
1939 2573 1944 2579 ι

247 2594 398 2643 fidem
424 2592 686 2642 revocabat
710 2592 891 2642 omnia.

316 2673 531 2724 Codices
590 2689 706 2723 vero
767 2675 881 2725 SM
922 2673 1214 2724 iamdudum
1265 2672 1372 2724 noti
1425 2682 1575 2733 erant,
1632 2675 1720 2723 sed
1774 2673 1912 2723 cuius
1984 2692 1986 2698 ⁸

521 2802 535 2825 ¹
566 2801 799 2853 Epistulae,
823 2803 890 2842 ed.
914 2801 1093 2854 Tonessi,
1115 2802 1141 2843 i.
1166 2815 1207 2854 p.
1231 2815 1323 2855 209.
1384 2802 1449 2844 Cf.
1474 2815 1516 2854 p.
1539 2815 1631 2854 294.

520 2855 536 2878 ²
564 2855 617 2896 ib.
643 2869 714 2907 pp.
737 2868 831 2907 303,
855 2869 948 2907 304.

521 2910 536 2933 ³
567 2910 732 2963 Mehus,
754 2910 967 2950 Ambrosii
990 2911 1220 2963 Epistulae,
1243 2911 1327 2953 viii.
1350 2925 1388 2952 2.

1045 2980 1122 3029 xvi
