1988 3334
246 139 310 185 34
822 184 830 190 .
904 120 1249 172 ASCONIVS

242 259 361 309 laria
397 268 597 325 propter
643 261 849 311 eosdem
897 259 1275 311 candidatorum
1323 260 1563 309 tumultus
1609 266 1660 308 et
1705 258 1855 308 easde

244 358 420 392 manus
447 350 660 392 armatas
684 341 856 393 haberi
880 358 984 393 non
1013 349 1255 407 poterant.
1330 342 1508 406 Itaque
1537 338 1699 405 primo
1723 341 1910 390 factu-21,

242 432 344 473 erat
379 425 428 473 S.
468 425 526 475 C.
565 432 620 473 ut
655 423 866 474 interrex
901 433 951 474 et
986 422 1170 474 tribuni
1206 421 1366 488 plebis
1403 430 1452 472 et
1489 423 1582 474 Cn.
1622 419 1867 486 Pompeiu

241 503 328 568 qui
368 521 459 569 pro
500 521 599 554 coS.
639 506 704 555 ad
742 505 917 555 urbem
953 513 1070 566 erat,
1108 504 1333 556 viderent
1367 520 1433 554 ne
1469 502 1591 568 quid
1626 501 1896 555 detrimen·

241 601 316 635 res
355 584 556 650 publica
596 594 807 650 caperet,
849 585 1061 636 dilectus
1099 594 1267 636 autem
1308 584 1577 649 Pompeius
1619 592 1724 634 tota
1767 582 1894 633 Ital‘
1961 624 1963 643 ,

241 656 486 721 haberet.⁴
534 665 636 730 Qui
676 683 792 716 cum
834 683 1031 716 summa
1077 665 1326 717 celeritate
1363 664 1666 730 praesidium
1713 679 1894 729 compa
1960 675 1963 708 ⁵

241 756 406 807 rasset,
457 750 831 813 postulaverunt
883 749 1019 813 apud
1068 764 1183 798 eum
1232 746 1468 797 familiam
1519 744 1740 806 MiloniS,
1790 744 1911 795 ite·.
1960 756 1963 806 ξ

243 831 454 879 Faustae
507 828 670 879 uxoris
717 828 823 879 eius
876 828 1210 880 exhibendam
1257 830 1360 879 duo
1412 826 1773 879 adulescentuli
1824 843 1859 892 q
1906 848 1908 869 ι
1942 872 1955 912 ,

147 923 217 971 30
242 909 394 974 Appii
447 909 647 962 Claudii
693 911 845 961 ambo
897 911 1306 975 appellabantur3
1365 909 1452 974 qui
1489 909 1601 972 filii
1655 916 1794 958 erant
1848 907 1891 960 C
1960 965 1962 969 f

242 991 437 1052 Claudi,
478 991 563 1056 qui
611 993 756 1042 frater
803 993 960 1042 fuerat
1008 991 1171 1054 Clodi,
1216 1000 1266 1042 et
1307 991 1375 1042 ob
1423 990 1475 1041 id
1522 989 1592 1040 illi
1633 988 1793 1055 patrui
1835 1005 1892 1040 su
1945 1036 1949 1042 s

241 1082 450 1123 mortem
509 1075 643 1124 velut
703 1082 906 1124 auctore
964 1082 1102 1139 patre
1159 1073 1594 1139 persequebantur.
1692 1072 1897 1122 Easde·
1947 1068 1954 1084 ⁸

239 1157 449 1205 Faustae
501 1165 550 1205 et
605 1155 813 1207 Milonis
867 1155 1078 1206 familias
1131 1157 1505 1221 postulaverunt
1557 1155 1661 1205 duo
1707 1151 1907 1203 Vale
1950 1213 1962 1232 ,Ι

239 1238 412 1301 Nepos
458 1246 508 1286 et
556 1239 674 1287 Leo.
749 1239 804 1286 L.
857 1237 1144 1288 Herennius
1185 1236 1370 1286 Balbus
1414 1238 1466 1285 P.
1518 1234 1668 1287 Clodi
1706 1250 1893 1299 quoqu

237 1316 474 1367 familiam
526 1326 576 1368 et
629 1317 870 1368 comitum
932 1317 1036 1368 eius
1088 1318 1383 1449 postulavit·
1370 1355 1384 1379 ,
1444 1318 1626 1407 eodem
1684 1324 1962 1381 tempor
1948 1309 1961 1333 '⁴

235 1458 349 1529 runt
397 1480 578 1530 Miloni
633 1483 695 1543 Q.
748 1480 1066 1542 HortensiuS,
1118 1482 1191 1530 Μ.
1248 1480 1445 1542 Cicero,
1495 1481 1566 1529 M.
1622 1436 1888 1528 Marcellus
1950 1441 1961 1550 f:

239 1563 310 1611 M.
352 1561 588 1624 Calidius,
642 1565 713 1612 M.
766 1564 908 1624 Cato,
960 1565 1171 1613 Faustus
1213 1564 1361 1614 Sulla.
1434 1562 1601 1613 Verba
1641 1577 1801 1626 pauca
1842 1561 1906 1623 Q»
1951 1586 1961 1612 ι

240 1643 544 1693 Hortensius
586 1643 722 1704 dixit,
765 1643 946 1694 liberos
995 1661 1103 1694 esse
1151 1661 1237 1695 eos
1279 1643 1365 1709 qui
1409 1660 1500 1709 pro
1548 1642 1698 1694 servis
1742 1650 1891 1707 postu
1947 1670 1953 1710 ss

236 1725 451 1774 larentur
468 1744 483 1787 3
528 1742 645 1774 nam
692 1734 806 1789 post
847 1734 1098 1776 recentem
1140 1726 1346 1776 caedem
1396 1742 1548 1775 manu
1587 1723 1785 1774 miserat
1822 1740 1898 1775 ev-

240 1805 367 1855 Milo
401 1806 496 1855 sub
533 1808 631 1856 hoc
661 1806 808 1857 titulo
844 1809 982 1871 quod
1012 1815 1162 1872 caput
1199 1824 1345 1857 suum
1382 1806 1472 1857 ulti
1507 1815 1686 1857 essent.
1761 1807 1903 1855 Hae
1935 1800 1953 1882 ι’

235 1887 506 1950 agebantur
544 1904 716 1938 mense
758 1887 1047 1938 intercalari.
1122 1891 1243 1939 Post
1281 1887 1416 1939 diem
1459 1887 1763 1938 tricesimum
1806 1888 1903 1936 fer
1948 1920 1950 1922 -

236 1984 385 2031 quam
428 1977 534 2019 erat
573 1967 782 2021 Clodius
819 1967 1013 2019 occisus
1052 1970 1115 2032 Q.
1157 1970 1392 2020 Metellus
1433 1968 1602 2033 Scipio
1637 1968 1689 2018 in
1731 1975 1871 2018 senat
1901 1990 1905 1998 ’

235 2058 407 2098 contra
432 2050 494 2112 Q.
518 2049 828 2114 Caepionem
852 2058 1158 2115 conquestus
1183 2058 1258 2100 est
1282 2051 1346 2100 de
1366 2052 1460 2100 hac
1485 2050 1638 2100 caede
1663 2051 1716 2098 P.
1740 2046 1903 2101 Clodi
1955 2102 1957 2110 ⁴

237 2131 437 2179 Falsum
491 2147 598 2180 esse
651 2130 787 2192 dixit,
843 2133 981 2196 quod
1041 2131 1169 2181 Milo
1218 2131 1288 2181 sic
1347 2148 1399 2181 se
1458 2131 1760 2190 defenderet,
1816 2145 1889 2180 se·
1955 2180 1959 2191 ‚

237 2210 473 2261 Clodium
505 2210 734 2262 Aricinos
771 2212 1066 2263 decuriones
1101 2212 1389 2277 alloquendi
1417 2211 1571 2277 gratia
1601 2210 1764 2262 abisse
1796 2227 1829 2275 p
1862 2206 1900 2253 οξ
1942 2229 1948 2261 τ

234 2293 419 2342 fectum
444 2309 559 2342 cum
589 2310 674 2343 sex
705 2310 764 2344 ac
790 2309 865 2342 xx
895 2293 1045 2344 servis
1062 2313 1076 2357 3
1114 2293 1360 2345 Milonem
1396 2293 1563 2344 subito
1587 2301 1700 2358 post
1729 2294 1899 2342 horau
1943 2311 1958 2359 {

293 2432 309 2458 1
336 2421 511 2460 eosdem
528 2420 719 2462 Richter:
748 2434 898 2462 eorum
919 2426 950 2464 Σ
1033 2423 1183 2463 eadem
1201 2451 1212 2464 .
1233 2451 1243 2463 .
1261 2452 1270 2463 .
1290 2427 1451 2462 armata
1464 2426 1508 2472 Σ,
1525 2435 1625 2464 corr.
1643 2422 1695 2470 θ’,
1708 2421 1767 2462 ed.
1789 2422 1870 2462 Iun
1889 2432 1894 2438 ⁴
1940 2431 1943 2434 ·

236 2487 260 2512 2
288 2474 448 2515 habere
467 2475 659 2528 Poggius
801 2490 826 2526 4
856 2482 979 2517 erant
998 2475 1090 2518 SM
1241 2489 1269 2527 9
1298 2477 1372 2516 filii
1393 2490 1477 2516 om.
1502 2480 1547 2527 Σ,
1567 2477 1703 2529 suppl.
1724 2477 1801 2516 hoc
1821 2476 1851 2515 l
1936 2525 1938 2529 .

235 2528 328 2578 KS,
360 2534 460 2580 post
485 2530 637 2569 Claudi
668 2529 726 2572 ed.
751 2530 865 2571 Iunt.
1012 2544 1056 2571 11
1083 2531 1452 2582 prosequebantur
1471 2534 1514 2582 Σ,
1557 2543 1657 2572 corr.
1695 2530 1853 2571 Berald
1946 2562 1948 2567 .

239 2594 287 2621 12
316 2558 549 2623 iialeri'itiae
569 2590 695 2635 potes
715 2583 778 2624 S.
807 2585 958 2624 ualerii
981 2591 1163 2648 nepotes
1182 2584 1284 2634 ΡΜ,
1314 2598 1412 2625 corr.
1447 2585 1672 2624 Manutius
1852 2596 1889 2624 1
1953 2585 1956 2619 ἲ

239 2636 283 2675 L.
307 2637 482 2689 scripsi:
512 2643 555 2677 et
577 2638 623 2678 L.
652 2643 710 2680 Στ
739 2639 782 2678 in
816 2640 1080 2692 sequentibus
1112 2639 1473 2690 interpunctionem
1505 2638 1749 2679 emendavi:
1778 2637 1866 2679 vul·
1881 2686 1884 2691 ¹
1944 2652 1945 2655 ¹

235 2691 454 2731 semaecolon
480 2696 579 2743 post
607 2692 776 2732 Caelius
801 2695 979 2745 pomtur
1010 2694 1087 2745 (ita
1113 2695 1163 2743 Σ)
1192 2698 1230 2732 et
1254 2693 1406 2734 lacuna
1436 2698 1532 2732 ante
1561 2693 1789 2733 adfuerunt
1816 2696 1885 2733 st

237 2744 372 2784 tuitur
388 2745 551 2798 (contra
571 2746 619 2797 Σ)
820 2749 869 2787 18
898 2748 1005 2788 dixit
1024 2747 1258 2787 Beraldus.
1287 2747 1481 2797 dixitque
1502 2750 1564 2788 Σ·
1593 2747 1692 2787 secit
1711 2747 1875 2798 dixitqu

236 2798 318 2838 KS
494 2812 543 2850 19
572 2803 788 2840 recentem
810 2801 873 2840 P.
906 2801 1129 2841 tricentum
1150 2800 1237 2841 SM
1413 2814 1465 2852 23
1497 2801 1555 2844 M.
1577 2801 1833 2852 Caepionem
1877 2803 1894 2828 -θ
1952 2830 1953 2844 ι

236 2865 336 2893 corr.
359 2851 584 2894 Manutius
603 2855 672 2907 (cf.
693 2854 801 2896 Phil.
822 2869 862 2896 x.
888 2857 959 2905 26)
1072 2856 1125 2895 de
1146 2856 1225 2895 hac
1245 2854 1356 2894 SM:
1387 2855 1467 2895 hac
1489 2856 1543 2895 de
1563 2854 1606 2894 P
1746 2868 1797 2904 24
1827 2867 1887 2895 se

235 2906 403 2958 scripse:
443 2914 487 2947 et
521 2912 578 2950 Σ;
619 2909 692 2948 lac.
724 2909 873 2949 statuit
902 2910 1040 2949 Halm
1151 2922 1204 2960 25
1234 2908 1395 2949 uicinos
1421 2912 1464 2961 Σ,
1497 2922 1594 2950 corr.
1614 2909 1665 2958 ς,
1685 2908 1857 2949 Manuti

237 2963 291 3002 26
320 2974 375 3002 ex
398 2961 460 3012 (et
480 2961 553 3013 M)
575 2975 624 3002 ac
646 2966 689 3012 Σ,
710 2976 808 3004 corr.
830 2963 889 3004 ed.
913 2964 1008 3003 Ven.
