1988 3334
224 111 253 156 6
884 109 1232 161 ASCONIVS

326 199 363 207 κ

223 248 396 299 matim
449 259 645 314 tempus
696 252 1114 316 comprehensum
1163 259 1250 310 est,
1290 259 1344 300 ut
1391 249 1601 315 proinde
1647 250 1898 298 debeamu
1934 254 1956 292 ἰ-

221 331 446 396 accipere
470 349 529 381 ac
554 332 595 382 si
619 331 795 383 dixerit
815 352 824 383 :
861 350 1016 397 prope
1032 348 1185 382 xxxx
1200 331 1357 382 annis.
1411 334 1555 382 Haec
1580 332 1895 381 consuetud
1934 345 1957 381 ὂε

220 412 272 463 in
307 413 426 478 ipsis
461 415 760 464 orationibus
793 422 889 465 est:
931 415 1098 479 itaque
1133 415 1269 466 idem
1296 414 1474 467 Cicero
1509 413 1560 464 in
1599 431 1658 464 ea
1693 429 1892 478 quoqu
1931 431 1956 482 χ

221 512 373 560 quam
409 495 583 546 habuit
618 496 670 546 in
707 496 974 548 Catilinam
1012 496 1063 546 in
1101 506 1289 558 senatu,
1325 495 1423 549 †ait
1448 535 1458 545 .
1489 534 1498 545 .
1527 504 1730 546 octavus
1766 493 1896 545 deci

222 594 332 626 mus
369 576 476 627 dies
512 587 642 627 esset
676 586 851 642 postea
875 594 1026 643 quam
1061 580 1247 628 factum
1279 585 1351 628 est
1379 586 1579 628 senatus
1611 578 1842 627 consultu
1874 587 1895 640 ιζ
1933 561 1956 630 ‚³¹

221 667 276 708 ut
299 657 524 709 viderent
548 661 778 710 consules
803 677 867 710 ne
891 659 1012 724 quid
1038 677 1115 710 res
1139 659 1342 724 publica
1365 658 1650 710 detrimenti
1682 667 1893 723 caperet
1954 672 1956 726 g

220 739 343 790 dixit
377 739 667 791 vicesimum
705 741 839 792 diem
876 741 1060 792 habere
1094 758 1141 792 se
1176 743 1224 792 S.
1252 743 1308 793 C.
1337 750 1591 807 tamquam
1628 743 1681 793 in
1715 743 1899 805 vagin
1954 807 1956 825 ’

220 824 523 873 reconditum.

606 975 744 1024 CIR.
785 975 980 1024 VERS.
1020 976 1067 1023 A
1103 975 1337 1025 PRIMO
1374 975 1510 1026 CCC

292 1065 339 1132 (ξ
363 1067 434 1133 6.)
490 1070 613 1133 Ego
660 1085 789 1118 cum
838 1068 895 1118 in
943 1069 1230 1120 contione
1279 1069 1489 1120 abiens
1545 1069 1854 1134 magistrat
1891 1083 1894 1086 '
1934 1087 1936 1089 ’

163 1149 429 1202 6dicere
469 1167 500 1199 a
541 1149 785 1201 tribuno
832 1151 1029 1216 plebis
1077 1151 1433 1217 prohiberer
1479 1169 1630 1217 quae
1676 1151 1874 1203 consti
1954 1153 1955 1192 ἓ

226 1239 463 1291 meram,
506 1247 635 1280 cum
672 1230 719 1281 is
755 1231 899 1282 mihi
935 1241 1164 1283 tantum
1201 1235 1380 1284 modo
1423 1232 1617 1283 iurare
1659 1232 1874 1298 permit
1930 1243 1955 1300 v1

225 1320 388 1372 teret,
440 1311 568 1362 sine
616 1314 737 1362 ulla
783 1313 1170 1364 dubitatione
1217 1314 1407 1364 iuravi
1455 1331 1573 1364 rem
1620 1332 1666 1379 p.
1717 1324 1887 1379 atqu
1929 1316 1955 1382 '31²

225 1395 376 1442 hanc
413 1395 615 1444 urbem
653 1412 779 1445 mea
815 1395 988 1445 unius
1025 1413 1203 1460 opera
1238 1413 1367 1446 esse
1404 1399 1639 1446 salvam.
1932 1384 1955 1468 f

294 1474 523 1525 Diximus
559 1475 658 1526 iam
694 1485 841 1526 antea
874 1493 905 1526 a
941 1479 1003 1540 Q.
1034 1480 1242 1528 Metello
1279 1479 1479 1542 Nepote
1515 1487 1572 1527 tr.
1609 1479 1672 1542 pl.
1704 1477 1882 1529 Cicero
1935 1475 1938 1489 ³

225 1574 340 1607 nem
383 1559 644 1608 consulatu
686 1558 955 1608 abeuntem
1003 1559 1308 1624 prohibitum
1357 1576 1466 1609 esse
1513 1558 1790 1610 contionari
1836 1560 1894 1610 d
1930 1556 1940 1574 '⁶

224 1640 370 1690 rebus
396 1656 519 1704 quas
545 1639 594 1688 in
620 1657 681 1690 eo
707 1640 991 1705 magistratu
1015 1641 1176 1706 gessit.

584 1814 722 1864 CIR.
762 1814 919 1862 VER.
960 1816 1007 1862 A
1044 1814 1276 1864 PRIMO
1314 1814 1549 1866 CCCXX

295 1909 414 1960 dicit
439 1911 503 1960 de
529 1910 658 1961 ludis
685 1911 1044 1976 Compitaliciis
1065 1933 1073 1962 :
1931 1971 1938 1989 ι

295 1990 339 2056 (ξ
364 1989 434 2058 8.)
479 1994 643 2055 Quos
692 1994 754 2056 Q.
808 1993 1325 2044 Metellus-facio
1373 1992 1652 2043 iniuriam
1703 1991 1875 2043 fortis
1931 2045 1934 2079 ζ

286 2126 303 2152 1
337 2119 506 2167 tempus
540 2114 605 2155 P:
649 2145 832 2156 ......
877 2116 962 2157 SM
1126 2117 1309 2169 proinde
1346 2117 1547 2170 (perinde
1577 2116 1635 2166 P)
1676 2146 1860 2158 ......
1931 2137 1937 2169 ς

229 2169 302 2218 (10
339 2168 412 2209 litt.
437 2168 510 2222 M)
534 2174 590 2211 Σε
633 2171 769 2223 suppl.
793 2171 874 2211 KS
1035 2185 1059 2211 2
1090 2171 1247 2212 vixerit
1268 2175 1313 2223 Σ,
1336 2185 1438 2214 corr.
1459 2171 1662 2212 Lodoicus
1867 2190 1872 2193 «
1934 2194 1935 2198 =

230 2223 351 2263 Haec
382 2223 502 2263 PM:
547 2253 801 2265 ........
839 2225 876 2266 S
1076 2238 1102 2276 3
1132 2226 1266 2278 ipsius
1286 2229 1330 2279 Σ,
1354 2240 1450 2267 corr.
1483 2226 1565 2267 KS

228 2278 309 2318 bus
357 2284 426 2318 est
475 2277 645 2320 Baiter:
690 2309 1121 2321 .............
1169 2282 1211 2335 (7
1250 2281 1325 2322 litt.
1369 2281 1431 2334 S)
1470 2285 1502 2323 Σ
1728 2294 1887 2333 quoqu
1928 2294 1934 2319 ;

227 2345 352 2383 quarn
384 2332 532 2373 habuit
561 2333 678 2374 PM:
715 2340 821 2386 quon
849 2364 998 2375 .....
1021 2335 1059 2375 S
1246 2350 1271 2387 4
1301 2337 1361 2376 ait
1392 2366 1403 2376 .
1440 2365 1451 2376 .
1485 2337 1529 2387 (6
1559 2334 1633 2376 litt.
1674 2335 1747 2389 M)
1779 2335 1873 2376 PM
1928 2366 1937 2395 ⁴.

229 2416 447 2427 .......
485 2387 522 2427 S
541 2402 550 2428 :
580 2401 675 2429 cum
695 2387 903 2429 Lodoicus
1065 2402 1090 2440 5
1120 2395 1187 2431 est
1218 2394 1262 2440 Σ,
1287 2404 1387 2430 corr.
1417 2390 1620 2430 Lodoicus
1747 2395 1882 2442 post
1928 2412 1936 2443 .·

227 2454 352 2492 quam
393 2441 485 2482 PM
499 2456 509 2482 z
566 2472 577 2482 .
601 2472 611 2483 .
635 2472 645 2483 .
670 2473 680 2484 .
721 2443 759 2484 S
972 2444 1083 2485 sacto
1120 2444 1183 2485 S:
1231 2445 1342 2486 facta
1379 2444 1461 2485 P1:
1512 2444 1637 2485 sciuit
1684 2444 1746 2497 M,
1794 2458 1838 2485 co

228 2496 416 2548 Poggius
566 2503 631 2537 est
663 2497 849 2550 supplevi
1038 2502 1066 2539 6
1093 2499 1290 2540 uiderent
1319 2499 1388 2540 P:
1417 2500 1583 2539 uideret
1611 2498 1700 2539 SM
1888 2547 1890 2552 ,

229 2550 341 2590 diem
363 2550 480 2590 PM:
513 2581 662 2592 .....
693 2553 732 2593 S
856 2566 905 2594 se
937 2553 1119 2594 Rinkes:
1148 2567 1232 2595 om.
1269 2557 1301 2596 Σ
1442 2554 1485 2594 in
1517 2554 1672 2604 vagina
1703 2552 1877 2594 recondi
1931 2559 1949 2602 εξ

230 2611 318 2645 tum
342 2605 419 2646 Cic.
444 2621 453 2646 ε
485 2619 565 2646 om.
591 2610 622 2648 Σ
641 2608 711 2660 (12
730 2607 806 2648 litt.
825 2609 876 2660 P,
901 2621 955 2649 τεο
975 2607 1037 2659 M,
1058 2609 1146 2649 sine
1165 2609 1237 2650 lac.
1261 2608 1321 2658 S)
1461 2621 1488 2660 9
1516 2620 1648 2648 cch
1667 2607 1711 2647 P
1847 2620 1884 2647 1·
1927 2614 1948 2654 :¹

230 2660 379 2700 abiens
398 2659 442 2698 P
455 2665 494 2700 et
515 2659 590 2701 Cic.
611 2675 620 2700 ε
649 2662 798 2702 abiens
820 2664 914 2715 (-en
935 2663 992 2716 S)
1016 2692 1269 2703 ........
1293 2662 1381 2703 SM
1554 2675 1599 2702 11
1633 2662 1776 2703 dicere
1796 2676 1821 2702 a
1839 2667 1883 2703 tr
1926 2680 1935 2719 2

232 2714 288 2765 pl.
305 2714 352 2765 S,
371 2713 447 2755 Cic.
471 2729 481 2754 ε
509 2729 535 2755 a
554 2721 606 2755 tr.
626 2715 682 2766 pl.
703 2717 850 2757 dicere
870 2717 938 2758 P:
967 2731 993 2757 a
1012 2723 1062 2758 tr.
1077 2719 1140 2769 pl.
1156 2719 1297 2757 dicere
1317 2731 1343 2757 a
1362 2716 1496 2757 tribus
1516 2717 1653 2769 plebis
1674 2717 1727 2756 M
1797 2729 1876 2768 pro
1924 2719 1948 2775 ἦ,

230 2767 403 2809 hibet-er
431 2769 487 2819 P,
523 2770 630 2810 Cic.:
674 2771 901 2821 prohibere
933 2770 1023 2812 SM
1226 2785 1336 2823 quae
1371 2771 1416 2823 S,
1457 2772 1563 2812 cia:
1593 2785 1645 2812 ea
1674 2784 1783 2822 quae
1809 2769 1852 2810 P
1931 2773 1934 2777 ’

234 2835 285 2862 12
314 2836 410 2864 cum
434 2828 489 2865 Σε
519 2837 698 2875 cumque
721 2825 798 2865 Cic.
914 2826 1052 2867 iurare
1073 2829 1132 2868 Σε
1160 2832 1206 2866 ut
1227 2827 1409 2866 iurarem
1432 2825 1509 2866 Cic.
1533 2826 1572 2867 ς’
1865 2845 1883 2859 ¹·

231 2891 259 2929 p
283 2907 434 2918 .....
460 2878 513 2917 M
643 2892 691 2930 15
722 2886 822 2920 ante
843 2881 924 2921 KS
943 2893 946 2896 ⁴
1054 2883 1103 2921 16
1133 2893 1219 2921 cos.
1243 2880 1465 2921 consulatu
1486 2881 1632 2921 histem
1652 2879 1689 2920 S
1880 2892 1884 2897 ¹

232 2931 349 2972 tion&
369 2933 406 2972 S
605 2947 659 2973 20
689 2947 800 2984 quos
819 2935 871 2985 Q.
894 2935 944 2987 P,
971 2934 1048 2978 Cic.
1069 2949 1078 2976 ε
1107 2947 1301 2987 quosque
1331 2935 1421 2976 SM
1564 2934 1765 2975 Metellus
1787 2934 1866 2975 Cic.
1886 2940 1889 2943 '
1936 2955 1946 2963 =

230 2987 322 3027 fieri
344 2987 479 3027 uetuit
498 2987 593 3028 add.
615 2994 658 3039 Σ,
682 2988 756 3029 del.
779 2990 882 3029 Rau
1935 3004 1938 3011 ·
