1988 3334
883 131 1289 182 PRAEFATIO

250 268 581 333 agglutinata'
618 266 1049 334 (Schmiedeberg,
1090 284 1136 331 p.
1183 270 1278 333 16).
1347 268 1430 317 ‘M
1457 267 1609 317 habet
1643 269 1702 316 P.
1749 268 1907 318 Clod‘
1961 247 1964 260 Ι

256 351 363 401 sine
398 369 429 402 a
467 350 556 416 (ita
591 352 754 415 plures
791 349 1066 415 Poggiani).
1512 359 1515 362 '

327 434 481 495 Quod
515 431 720 497 quidem
755 433 820 481 ad
852 433 962 482 cod.
1000 433 1042 481 S
1065 430 1254 491 attinet,
1296 430 1666 494 Sangallensem
1703 430 1873 496 religio
1897 466 1915 472 η-

257 523 483 564 secutum
509 531 616 564 esse
641 516 974 564 Sozomenum
1001 512 1346 563 Berolinenses
1370 512 1678 562 arbitrantur.
1742 515 1875 565 Cont

256 597 308 646 in
350 595 786 661 pseudo-Asconio
828 595 931 645 sive
973 594 1173 645 scholiis
1216 594 1617 659 Sangallensibus
1665 612 1780 645 eum
1813 613 1910 646 con

258 678 454 729 iecturis
480 677 744 728 indulsisse
769 676 988 728 ostendit
1011 679 1070 727 T.
1099 679 1283 742 Stangl.
1346 676 1597 742 Equidem
1623 686 1672 727 et
1701 679 1920 727 Sozom
1964 709 1967 726 ÷

258 778 380 814 num
422 769 471 810 et
526 758 766 824 Poggium
820 760 918 808 hoc
959 760 1134 809 fecisse
1180 758 1404 820 arbitror,
1454 757 1696 823 Poggium
1743 768 1859 809 aute

259 853 314 893 ut
338 852 440 892 erat
469 841 569 891 acri
601 841 801 905 ingenio
835 851 883 890 et
908 840 1001 891 sibi
1034 842 1164 891 bene
1197 843 1370 902 fidens,
1399 841 1610 905 plurima
1646 841 1915 891 correxiss

260 927 592 975 Sozomenum
663 924 867 987 quidem
939 925 1240 988 corruptelas
1311 940 1433 987 quas
1504 924 1555 971 in
1625 925 1917 987 Sangallen
1965 956 1968 966 .

260 1007 535 1056 offenderat
577 1004 782 1055 tacitum
835 1004 1107 1069 aliquando
1157 1004 1413 1055 sustulisse
1461 1013 1597 1069 patet
1643 1022 1702 1074 ex
1745 1008 1822 1066 46.
1870 1023 1915 1055 1-

261 1132 341 1179 hec
397 1131 440 1180 S
450 1149 462 1181 ε
529 1131 636 1193 hefte
678 1132 753 1179 P:
807 1130 884 1178 hcc
929 1131 1010 1191 M,
1070 1131 1147 1178 88.
1209 1146 1232 1177 2
1281 1132 1456 1193 poculo
1505 1131 1571 1179 S:
1630 1097 1803 1193 pogulo
1848 1130 1899 1178 P

248 1215 432 1276 populo
478 1211 555 1261 M.
644 1212 798 1274 Quod
845 1227 962 1261 vero
1011 1225 1088 1275 51.
1138 1228 1165 1259 >1
1180 1229 1199 1260 1
1240 1218 1446 1275 propter
1489 1212 1684 1260 occisum
1730 1212 1882 1260 clodiu
1915 1261 1917 1263 .
1958 1258 1961 1267 ,,

263 1292 306 1341 S
325 1291 490 1351 habet,
517 1296 722 1354 propter
743 1306 769 1353 ,0
799 1291 1002 1346 clodium
1038 1291 1116 1355 P;
1139 1292 1346 1353 propter
1373 1291 1577 1338 clodium
1609 1291 1685 1338 M
1698 1307 1773 1340 res
1810 1289 1878 1339 mi
1967 1313 1969 1327 ·

261 1373 406 1423 valde
452 1371 607 1422 dubia
653 1370 859 1422 videtur.
935 1373 1104 1421 Potest
1152 1370 1286 1421 enim
1333 1370 1456 1421 illud
1503 1388 1530 1420 0
1575 1380 1690 1421 ante
1737 1388 1761 1420 c
1803 1373 1896 1422 faci

262 1453 597 1519 geminatione
645 1454 831 1502 factum
880 1470 1000 1503 esse.
1075 1448 1344 1518 Singularis
1393 1462 1467 1503 est
1518 1467 1594 1517 52.
1638 1456 1668 1501 8
1707 1453 1917 1504 variet

266 1534 368 1587 Hic
405 1542 463 1584 ut
488 1538 638 1583 uuum
665 1535 816 1585 habet
850 1533 1106 1586 Ciceronis
1139 1535 1251 1585 eod.
1279 1534 1335 1596 Σ,
1360 1540 1418 1583 ut
1437 1550 1519 1584 vos
1541 1536 1613 1594 hs,
1641 1540 1700 1583 ut
1723 1550 1806 1587 vos
1819 1540 1884 1584 ‘eu

263 1626 375 1668 cett.
404 1618 551 1667 codd.
581 1617 866 1668 Ciceronis:
901 1610 1015 1665 eum'
1033 1615 1268 1667 exhibent
1292 1618 1418 1677 PM,
1445 1608 1550 1665 eum
1571 1623 1627 1665 ut
1647 1632 1728 1666 vos
1750 1634 1856 1666 eum
1888 1611 1890 1613 ’

582 1708 663 1731 eum

266 1740 500 1806 Suspicor
536 1747 594 1790 ut
614 1756 695 1790 vos
717 1739 769 1789 in
803 1741 1107 1805 Sangallensi
1134 1739 1296 1790 fuisse.
1373 1742 1527 1802 Quod
1562 1755 1637 1805 50.
1679 1759 1703 1789 2
1743 1742 1915 1790 consil

265 1840 375 1874 vero
416 1823 617 1872 maioris
654 1823 857 1871 alicuius
893 1821 1034 1872 addit
1075 1824 1124 1883 S,
1169 1839 1298 1886 quae
1336 1822 1485 1871 verba
1521 1839 1551 1870 a
1588 1824 1711 1871 PM
1738 1822 1896 1872 absun

266 1907 668 1969 supplementum
711 1922 739 1953 e
779 1903 1021 1955 Cicerone
1051 1905 1384 1954 Sozomenum
1421 1896 1690 1968 sumpSisse
1714 1904 1898 1954 arbitro
1914 1917 1921 1949 ί

268 1987 422 2049 Quod
458 1987 676 2050 denique
721 1988 796 2049 38.
832 2003 888 2034 12
926 1986 1021 2035 sibi
1051 1985 1204 2045 addit,
1235 1990 1315 2046 46.
1347 1989 1404 2034 16
1443 1987 1573 2048 quod
1602 1987 1908 2036 dict‘tinten

267 2085 356 2132 pro
395 2069 509 2117 haec
551 2069 735 2118 intenta
775 2066 933 2133 (PM)
969 2067 1134 2128 habet,
1174 2066 1344 2117 nescio
1385 2083 1450 2117 an
1483 2066 1628 2116 casui
1675 2064 1906 2132 acceptu

268 2150 583 2199 referendum
622 2149 697 2198 sit.
785 2148 967 2199 Merita
1008 2148 1212 2214 quidem
1257 2147 1436 2200 eximia
1468 2148 1615 2200 huius
1659 2148 1846 2199 codicis
1903 2140 1907 2144 ’

268 2248 492 2283 enarrem
517 2248 643 2296 opus
669 2248 770 2280 non
797 2239 870 2280 est
894 2228 1053 2296 (velut
1080 2248 1123 2295 3.
1159 2247 1232 2292 14,
1262 2245 1306 2295 5.
1340 2247 1515 2294 19-20,
1544 2226 1621 2291 14.¹
1648 2233 1721 2291 18,
1751 2245 1776 2294 5
1786 2231 1899 2294 5.1'0
1957 2245 1963 2260 ·

270 2330 384 2363 cum
410 2315 474 2364 de
499 2312 557 2362 iis
582 2315 643 2363 A.
674 2312 925 2377 Kiessling
954 2314 1101 2377 plene
1137 2313 1324 2380 egerit.¹
1396 2314 1471 2361 Ex
1504 2312 1742 2377 exemplis
1771 2321 1908 2362 aute·

271 2411 400 2459 quae
428 2394 500 2444 vir
537 2395 716 2444 doctus
749 2394 997 2459 congessit
1029 2393 1241 2458 plurima
1276 2411 1410 2444 nunc
1443 2411 1559 2444 cum
1582 2391 1908 2450 Pcommun

271 2493 378 2526 esse
403 2475 564 2526 vide0.
637 2478 705 2525 Vt
721 2475 932 2526 breviter
951 2475 1133 2538 dicam,
1158 2475 1226 2525 ita
1250 2475 1666 2527 Sozomenianum
1693 2492 1870 2540 exemp
1896 2508 1915 2517 ,Α
1956 2483 1972 2538 4?

273 2556 525 2621 Poggiano
564 2566 809 2620 praestare
852 2566 975 2623 puto
1018 2566 1072 2607 ut
1109 2575 1243 2608 nunc
1281 2558 1378 2608 hoc
1420 2573 1553 2607 nunc
1600 2556 1723 2608 illud
1770 2574 1909 2607 veru
1954 2524 1972 2620 ζ.

272 2655 463 2688 servare
487 2637 722 2688 videatur.
1959 2631 1971 2651 ‘¹

343 2718 636 2787 Editionum
689 2728 909 2770 veterum
953 2719 1232 2790 ‚scripturas
1276 2721 1569 2785 plerumque
1622 2714 1903 2784 neglexeru'
1951 2722 1962 2755 2⁰*

275 2799 651 2853 Berolinenses:
705 2809 959 2852 notaverat
997 2801 1162 2854 Baiter
1204 2802 1292 2852 sed
1318 2815 1503 2870 parum
1542 2799 1813 2874 diligenter,
1855 2816 1889 2867 q

683 2956 696 2980 ¹
729 2957 793 2997 De
813 2956 989 2998 Asconii
1011 2958 1101 2998 cod.
1123 2956 1385 3022 Pistoriensss
1414 2957 1530 3006 1873.

1047 3028 1171 3060 xxxu
