1988 3334
628 132 703 181 IN
743 130 1275 182 CORNELIANAM
1731 141 1791 190 79

48 294 50 347 j
118 276 259 328 Otho
285 272 488 324 biennio
520 281 637 323 ante
670 270 995 332 confirmavit,
1024 270 1076 319 in
1101 271 1295 320 theatro
1329 279 1383 320 ut
1416 268 1667 334 equitibus
1696 270 1794 317 Ro-

66 415 69 433 ,
119 355 279 408 manis
304 371 424 405 xm1
451 353 650 406 ordines
675 351 935 419 spectandi
958 351 1114 418 gratia
1136 353 1384 403 darentur.

55 431 69 513 ζ’
188 437 481 489 Memoria
505 446 695 498 teneo,
717 434 1124 501 cumprimum
1149 443 1460 485 senatores
1485 449 1614 483 cum
1641 430 1796 496 equi-

47 515 57 590 s}
119 519 281 571 tibus
330 519 617 571 Romanis
665 521 797 583 lege
845 517 1043 568 Plotia
1090 516 1448 575 iudicarent,
1494 513 1795 565 hominem

47 615 48 618 ’
119 601 209 654 dis
233 619 299 652 ac
324 600 634 652 nobilitati
658 598 1028 665 perinvisum
1055 600 1156 650 Cn.
1181 596 1528 663 Pompeium
1555 612 1795 646 causam

46 679 56 745 f}
118 687 248 750 lege
272 683 450 734 Varia
473 684 547 734 de
572 682 884 732 maiestate
909 680 1146 732 dixisse.

188 768 268 816 M..
289 765 511 815 Plautius
547 765 774 816 Silvanus
810 764 1038 814 tribunus
1072 763 1234 827 plebis
1271 763 1367 814 Cn.
1394 759 1637 826 Pompeio
1673 761 1800 809 Stra-

119 849 251 899 bone
277 850 333 898 L.
357 847 534 898 Porcio
560 849 755 899 Catone
779 863 922 907 cosa,
944 847 1169 896 secundo
1193 861 1327 894 anno
1352 842 1470 894 belli
1497 841 1658 892 Italici
1682 858 1798 891 cum

46 928 70 995 53
118 940 346 996 equester
370 931 495 981 ordo
519 929 571 979 in
596 928 792 981 iudiciis
816 928 1169 988 dominaretur,
1196 929 1357 991 legem
1383 924 1494 976 tulit
1526 923 1800 975 adiuvanti-

53 999 67 1079 's
94 1011 96 1015 ’
119 1013 213 1063 bus
238 1012 492 1063 nobilibus
510 1031 524 1074 3
559 1029 687 1076 quae
711 1012 789 1061 lex
813 1010 913 1060 vim
938 1027 1050 1061 eam
1075 1008 1250 1059 habuit
1275 1025 1426 1073 quam
1452 1006 1630 1059 Cicero
1655 1005 1801 1071 signi-

45 1107 70 1171 „¹⁴1
94 1126 95 1129 =
119 1096 233 1145 ficat
253 1115 262 1145 :
299 1112 416 1144 nam
442 1113 501 1145 ex
525 1111 584 1144 ea
608 1094 715 1158 lege
740 1093 896 1143 tribus
921 1092 1143 1158 singulae
1168 1109 1227 1141 ex
1260 1109 1351 1142 suo
1383 1086 1594 1140 numero
1618 1088 1799 1153 quinos

44 1174 68 1244 ij
119 1178 277 1228 denos
316 1176 547 1241 suffragio
585 1176 821 1226 creabant
858 1175 945 1240 qui
983 1191 1045 1224 eo
1085 1191 1220 1224 anno
1261 1172 1551 1223 iudicarent.
1627 1173 1702 1220 Ex
1738 1187 1799 1220 eo

63 1247 67 1286 ἑ
118 1260 303 1308 factum
346 1267 421 1309 est
462 1267 516 1308 ut
558 1266 810 1308 senatores
845 1273 1048 1321 quoque
1090 1255 1142 1306 in
1183 1272 1246 1306 eo
1287 1271 1497 1305 numero
1533 1262 1712 1312 essent,
1751 1261 1802 1301 et

65 1334 70 1355 ²
98 1332 323 1406 ¹quidam
348 1340 497 1391 etiam
523 1358 583 1391 ex
606 1340 713 1405 ipsa
736 1340 897 1405 plebe.

667 1565 820 1614 PRO
857 1562 1251 1614 CORNELIO

191 1677 341 1726 Num
390 1673 448 1723 in
497 1691 566 1724 eo
613 1673 712 1738 qui
761 1673 882 1723 sint
928 1671 989 1721 hi
1038 1681 1224 1722 testes
1273 1668 1628 1720 haesitatis?
1690 1671 1799 1733 Ego

43 1798 45 1826 ‚
121 1756 293 1808 vobis
342 1757 529 1807 edam.
621 1758 755 1805 Duo
797 1754 1016 1819 reliqui
1066 1763 1203 1804 sunt
1244 1754 1318 1804 de
1361 1749 1798 1821 consularibuS‚

42 1840 53 1911 j}
101 1838 354 1889 -inimici
401 1836 772 1888 tribuniciae
819 1835 1161 1902 potestatis.
1261 1834 1443 1884 Pauci
1490 1841 1803 1899 praeterea

42 1916 53 1990 ,ξ
123 1921 544 1971 adsentatores
569 1936 772 1970 eorum
790 1928 970 1984 atque
989 1919 1311 1969 adseculae
1332 1917 1803 1981 subsequuntur.

108 2047 109 2050 ,
193 2004 265 2052 Μ.
293 2003 560 2052 Lucullum
593 2010 643 2051 et
668 2002 756 2050 M'.
784 1999 1034 2066 Lepidum
1066 1999 1324 2064 significat.
1398 1998 1638 2062 Quinque
1669 1996 1804 2048 enim

42 2092 51 2116 ⁷¹
125 2085 423 2145 consulareS,
450 2092 506 2134 ut
529 2083 629 2134 iam
654 2083 882 2144 diximus,
911 2082 963 2132 in
989 2081 1280 2134 Cornelium
1306 2079 1649 2131 testimonium
1674 2079 1806 2130 dixe-

125 2175 268 2216 runt:
305 2168 367 2230 Q.
408 2167 630 2226 Catulus,
671 2166 734 2228 Q.
776 2164 1092 2225 HortensiuS,
1134 2166 1198 2227 Q.
1235 2164 1472 2213 Metellus
1509 2161 1628 2212 Pius
1664 2171 1801 2227 pont.

97 2276 109 2311 3
127 2265 270 2310 max.,
291 2265 418 2313 quos
442 2249 537 2298 hac
561 2248 783 2298 secunda
806 2246 1030 2298 oratione
1055 2254 1242 2307 tractat,
1270 2254 1320 2296 et
1344 2247 1448 2296 duo
1473 2243 1559 2310 qui
1583 2246 1805 2295 nondum
1828 2250 1885 2301 71

50 2338 73 2356 ⁴
127 2329 351 2381 dixerant
374 2347 502 2395 quos
526 2346 662 2379 nunc
687 2328 931 2394 significat
956 2329 1195 2378 Lucullus
1219 2335 1269 2377 et
1294 2326 1529 2392 Lepidus,

50 2401 73 2426 ⁸
110 2428 113 2449 ³
198 2411 390 2474 Quid?
421 2412 756 2461 avunculus
781 2419 917 2459 tuus
943 2408 1310 2459 clarissimus
1335 2408 1434 2470 vir,
1461 2404 1806 2458 clarissimo

130 2502 296 2558 patre
319 2510 427 2543 avo
452 2491 795 2552 maioribuS,
823 2492 1021 2552 cred0,
1044 2490 1307 2552 silentio,
1327 2492 1570 2540 favente
1594 2488 1808 2539 nobili-
1830 2525 1833 2527 -

49 2656 51 2674 4
189 2636 206 2662 x
230 2636 346 2664 cons.
373 2623 480 2673 (cos.
504 2623 560 2674 P)
584 2622 768 2662 firmavit
799 2625 842 2672 Σ,
877 2635 976 2662 corr.
1008 2621 1212 2674 Sigonius
1399 2634 1424 2669 4
1454 2620 1671 2660 hominem
1687 2618 1804 2659 PM:

48 2679 50 2682 '
131 2677 324 2718 homines
344 2677 382 2718 S
546 2689 571 2727 5
602 2678 851 2729 perinusum
872 2675 964 2716 SM
1126 2689 1148 2726 7
1178 2675 1372 2729 syllanus
1394 2678 1436 2725 Σ,
1462 2688 1560 2715 corr.
1584 2673 1807 2715 Manutius

131 2730 337 2784 Pompeio
355 2733 421 2772 P:
450 2733 674 2783 pompeius
692 2731 782 2772 SM
920 2745 948 2782 9
977 2731 1082 2770 ordo
1103 2736 1146 2770 et
1166 2732 1208 2769 in
1230 2729 1284 2768 M
1410 2742 1455 2768 11
1490 2743 1544 2768 ex
1565 2743 1617 2770 eo
1639 2732 1683 2778 Σ,
1705 2742 1804 2768 corr.

48 2813 52 2828 4
130 2785 338 2826 Patricius
534 2800 583 2837 13
613 2786 768 2827 factum
788 2785 884 2826 521³
898 2799 907 2825 :
938 2785 1048 2824 sacto
1069 2784 1176 2824 S¹M
1397 2797 1446 2834 15
1479 2797 1565 2824 pao
1584 2795 1817 2825 continuo.

40 2852 43 2863 ⁴
130 2839 209 2891 ΞΡ
224 2855 233 2880 :
261 2854 346 2882 om.
372 2841 424 2879 M
615 2841 813 2881 Secunda
834 2841 986 2880 Oratio
1008 2839 1106 2879 add.
1132 2839 1319 2892 Poggius
1510 2851 1560 2890 19
1587 2844 1808 2878 senatores

48 2898 51 2914 ⁴
133 2895 292 2943 (senta-
314 2894 387 2946 M)
411 2899 454 2946 Σ,
478 2908 576 2936 corr.
602 2895 790 2948 Poggius
940 2908 994 2934 20
1024 2893 1093 2933 Μ’.
1119 2893 1364 2934 Manutius:
1399 2893 1456 2934 M.
1482 2897 1513 2934 Σ
1640 2906 1693 2943 23
1722 2906 1806 2932 non

41 2969 43 2987 ι
73 2963 75 2981 ;
133 2949 336 2989 dixerunt
358 2953 401 2995 Σ.
422 2963 524 2991 corr.
545 2949 646 2990 Rau
