1988 3334
381 473 470 562 Q.
548 470 939 540 Ascom
1030 467 1483 537 PEDIANI

72 644 75 654 „
824 610 1047 653 INCIPIT

51 691 110 832 j,
164 727 339 788 PRo
409 724 892 788 CORNELIO
967 724 1091 784 DE
1160 720 1710 783 MAIESTATE

72 1002 74 1006 ,
169 946 331 995 HANc
366 942 642 994 orationem
679 940 801 992 dixit
838 943 893 990 L.
925 941 1075 992 Cotta
1112 941 1166 989 L.
1204 941 1460 1003 Torquato
1497 954 1622 988 coss,
1663 946 1777 1002 post

57 1013 71 1063 ².
109 1039 285 1078 unum
311 1043 463 1091 quarn
489 1024 776 1090 superiores

653 1164 814 1213 ARG
829 1161 1220 1211 VMENTVM

48 1337 49 1346 .
169 1275 249 1341 C„
277 1272 539 1325 Cornelius
575 1273 743 1344 mhomo
801 1287 905 1321 non
963 1269 1221 1335 improbus
1269 1268 1370 1319 vita
1428 1268 1628 1319 habltus
1687 1277 1774 1318 est.

48 1357 76 1414 ,ἶ
141 1364 279 1407 uerat
303 1363 536 1420 quaestor
560 1355 653 1406 Cn.
674 1351 915 1418 Pompeii,
937 1351 1056 1403 dein
1081 1351 1309 1402 tribunus
1334 1349 1493 1415 plebis
1514 1351 1571 1401 C.
1596 1349 1778 1401 Pisone

55 1449 76 1518 {⁸
104 1450 110 1480 ἰ
186 1476 196 1488 .
241 1438 506 1490 Glabrione
540 1453 664 1488 coss.
707 1424 911 1486 biennio
952 1443 1068 1484 ante
1110 1450 1262 1498 quarn
1304 1435 1429 1483 haec
1470 1432 1606 1483 dicta
1646 1441 1775 1482 sunt.

47 1527 58 1579 3³
100 1516 108 1561 ’ἒ
129 1537 163 1570 n
188 1538 249 1571 eo
274 1519 559 1586 magistratu
585 1519 654 1569 ita
678 1536 731 1569 se
755 1517 904 1584 gessit
938 1527 992 1567 ut
1028 1517 1159 1567 iusto
1191 1515 1490 1582 pertinacior
1513 1515 1775 1566 videretur.

102 1601 359 1652 :··1ienatus
383 1611 551 1652 autem
581 1609 819 1661 apsenatu
842 1606 914 1649 est
939 1617 998 1650 ex
1030 1601 1125 1648 hae
1159 1615 1320 1648 causa.
1397 1596 1680 1648 Rettulerat
1713 1599 1780 1648 ad

107 1695 115 1728 ’ῑ
125 1693 328 1735 enatum
364 1693 431 1745 ut,
471 1683 710 1748 quoniam
747 1691 1022 1733 exterarum
1059 1680 1319 1732 nationum
1359 1679 1530 1745 legatis
1566 1679 1782 1745 pecunia

54 1793 77 1837 '-
106 1760 123 1812 ἰ
153 1783 280 1832 agna
304 1767 503 1816 daretur
526 1783 675 1815 usura
699 1764 960 1830 turpiaque
985 1773 1034 1814 et
1052 1765 1243 1814 famosa
1268 1781 1328 1813 ex
1352 1780 1414 1814 eo
1438 1765 1575 1813 lucra
1590 1765 1777 1824 fierent,

46 1842 77 1906 ‘s'
114 1842 115 1846 ’
137 1865 166 1899 e
203 1848 314 1914 quis
355 1848 528 1914 legatis
567 1857 844 1899 exterarum
892 1847 1154 1897 nationum
1202 1846 1468 1912 pecuniam
1510 1863 1780 1912 expensam

130 1940 258 1981 ·rret.
348 1930 505 1982 Cuius
553 1931 844 1981 relationem
892 1929 1170 1994 repudiavit
1217 1939 1418 1979 senatus
1466 1938 1515 1979 et
1562 1928 1782 1979 decrevit

53 2007 59 2018 ‘
110 2011 219 2075 fitis
265 2021 468 2062 cautum
515 2011 672 2062 videri
719 2029 781 2063 eo
829 2014 876 2062 S.
929 2013 987 2064 C.
1032 2012 1172 2076 quod
1221 2013 1412 2075 aliquot
1454 2020 1571 2061 ante
1617 2027 1780 2061 annos

99 2118 101 2146 1
149 2131 161 2144 .
203 2093 430 2144 Domitio
484 2094 541 2145 C.
589 2094 764 2146 Caelio
814 2111 939 2144 coss
993 2095 1181 2145 factum
1231 2102 1348 2154 erat,
1406 2110 1522 2143 cum
1577 2102 1780 2144 senatus

103 2187 119 2216 ³-
168 2183 217 2225 te
240 2176 481 2240 pauculos
514 2191 673 2225 annos
706 2192 766 2224 ex
788 2177 943 2225 eodem
974 2174 1060 2226 illo
1086 2177 1132 2225 S.
1162 2175 1219 2226 C.
1248 2174 1548 2225 decrevisset
1579 2191 1644 2224 ne
1669 2173 1780 2239 quis

44 2241 115 2311 {²5
149 2256 425 2308 retensibus
472 2256 739 2322 pecuniam
787 2265 1013 2307 mutuam
1061 2257 1215 2306 daret.
1313 2255 1575 2308 Cornelius
1623 2272 1683 2306 ea
1729 2273 1782 2306 re

44 2378 59 2439 Ἰ
79 2398 82 2437 ¹:
105 2418 107 2422 .
162 2385 240 2428 Tit.
271 2399 314 2435 ρ.
336 2399 497 2428 Ascom
520 2417 530 2427 .
551 2416 562 2427 .
589 2417 599 2428 .
622 2417 633 2428 .
659 2398 902 2427 ΜΑιεετΑτΕ
922 2385 1028 2427 SP:
1058 2399 1141 2426 om.
1164 2384 1219 2426 M
1415 2399 1442 2437 3
1470 2399 1779 2427 ARGVMENTVM

53 2436 61 2490 Ῐ.
82 2471 83 2482 2
142 2440 202 2481 d.
224 2440 286 2482 ed.
305 2441 406 2482 Ald.
576 2455 601 2491 4
632 2441 682 2482 C.
705 2442 802 2482 add.
825 2441 971 2481 Baiter
1108 2443 1135 2481 6
1165 2441 1237 2482 Μ’.
1263 2440 1496 2482 Glabrione
1516 2441 1614 2482 add.
1637 2439 1785 2482 Baiter

44 2500 46 2519 ¹
230 2495 427 2548 (consule
458 2494 571 2549 SM)
606 2500 651 2546 Σ,
681 2509 780 2537 corr.
808 2496 956 2536 Baiter
1120 2509 1142 2546 7
1174 2497 1326 2536 iustior
1350 2499 1397 2546 Σ,
1428 2509 1526 2537 corr.
1554 2495 1782 2536 Manutius

55 2553 59 2583 3
119 2578 121 2581 -
161 2556 227 2591 est
257 2564 313 2591 ex
342 2551 512 2603 scripsi:
542 2564 597 2591 ex
630 2554 661 2592 Σ
693 2552 782 2604 (est
811 2555 907 2603 post
938 2550 1153 2591 alienatus
1183 2551 1316 2603 suppl.
1359 2550 1556 2603 Madvig)
1729 2564 1781 2591 10

56 2606 61 2638 '-
79 2603 83 2653 ᾗ
121 2625 125 2646 1
146 2611 309 2646 ·rentur
323 2604 361 2645 S
474 2617 523 2645 12
552 2605 662 2645 ferat
682 2609 725 2657 Σ,
749 2618 848 2646 corr.
873 2605 1099 2646 Manutius
1234 2606 1295 2645 rei
1316 2605 1519 2645 lationem
1541 2605 1780 2646 Mommsen

52 2678 84 2711 πμ(
110 2669 160 2709 3
206 2665 372 2700 cautum
410 2658 516 2700 KS:
570 2660 726 2700 factum
760 2659 852 2700 PM
867 2674 876 2700 :
937 2664 947 2699 .'
971 2689 1157 2701 ......
1192 2658 1230 2700 S
1468 2661 1580 2712 quod
1617 2661 1782 2712 aliquot

83 2758 86 2767 .
110 2758 122 2769 Ο
177 2713 275 2767 ‘psit
302 2716 416 2766 quod
437 2714 499 2754 S:
530 2728 614 2766 quo
635 2715 729 2755 PM
837 2728 887 2765 14
918 2715 967 2754 L.
991 2715 1238 2754 Manutius:
1269 2743 1491 2754 .......
1514 2714 1581 2755 S:
1612 2715 1690 2756 Cn.
1713 2715 1781 2756 P:

44 2787 45 2796 κ
106 2784 108 2790 ’
150 2781 235 2810 neo
255 2797 509 2809 ........
547 2769 623 2811 M:
651 2776 816 2822 septem
849 2775 893 2810 et
927 2781 986 2810 xx
1021 2769 1070 2809 L.
1093 2769 1240 2809 Baiter
1348 2770 1501 2810 Coelio
1534 2769 1616 2810 KS
1699 2776 1701 2778 ’
1729 2782 1780 2822 15

43 2825 63 2874 i}
86 2823 88 2826 ’
191 2836 264 2864 cos
286 2825 509 2877 (suprascr.
526 2825 588 2877 ul)
611 2824 648 2865 S
758 2837 897 2865 annos
917 2853 1104 2864 ......
1130 2826 1205 2877 (10
1219 2824 1293 2864 litt.
1313 2824 1387 2877 M)
1408 2824 1500 2865 SM
1514 2839 1524 2865 z
1553 2837 1690 2865 annos
1710 2825 1753 2864 P
1771 2840 1781 2865 :

43 2859 88 2931 ἒς
103 2892 115 2919 ‚z
158 2877 243 2930 ppl.
266 2877 347 2919 ΚΞ
530 2882 580 2920 16
609 2879 890 2920 Cretensibus
910 2877 1002 2918 PM
1019 2878 1135 2931 (ante
1153 2880 1180 2918 6
1200 2878 1275 2919 litt.
1294 2879 1368 2919 lac.
1393 2878 1466 2932 M)
1488 2894 1497 2920 z
1527 2879 1710 2920 Cretens
1731 2909 1741 2920 .
1767 2909 1777 2920 .

53 2932 284 2990 11...S
411 2934 612 2975 eareP:
643 2947 696 2974 ea
717 2963 868 2974 .....
895 2933 1346 2985 MzearepulsaKS

1794 492 1865 540 50

1798 545 1881 586 ΚΞ
