1988 3334
884 118 1290 177 PRAEFATIO

250 278 412 318 totum
442 268 670 319 codicem
694 269 758 319 ab
784 269 965 319 eodem
991 267 1152 318 scriba
1177 268 1464 318 confectum
1497 283 1606 317 esse
1635 282 1810 316 omnes
1834 282 1869 330 q
1899 286 1906 307 ι

251 368 367 400 eum
391 350 620 402 viderunt
644 349 997 401 consentiunt.¹
1057 348 1404 400 Correctiones
1429 349 1676 412 quaedam
1701 347 1753 396 in
1779 346 1912 397 Silv·

250 514 401 563 finem
426 513 653 564 additum
679 522 752 562 est

344 637 480 672 File
517 637 683 671 ADEST
720 637 859 671 VERE
897 637 1130 671 PRECIVM
1169 637 1301 670 VVLT
1338 635 1594 670 SCRIPTOR
1631 635 1845 669 HEBERE

320 733 368 781 N
373 749 470 781 une
505 731 762 782 videamus
799 748 926 796 quae
959 733 1023 782 de
1060 748 1150 781 suo
1189 730 1384 780 Manilii
1420 740 1468 781 et
1504 730 1645 780 Statii
1682 730 1871 780 Silvaru
1903 754 1911 774 ι
1960 795 1962 801 s

252 813 517 878 exemplari
555 815 660 878 ipse
698 813 912 877 Poggius
949 812 1082 863 dicat
1118 812 1168 861 in
1211 812 1422 877 epistula
1456 814 1521 863 ad
1559 814 1611 861 F.
1653 813 1872 862 Barbaru
1904 835 1911 855 ι

251 897 379 945 data.
454 893 715 959 (Classical
743 893 956 954 Review,
983 897 1017 943 l.
1043 893 1099 958 c.)

318 978 472 1026 Metto
489 978 559 1025 ad
578 984 621 1025 te
645 1014 655 1024 .
685 1013 696 1024 .
723 1014 732 1025 .
761 977 942 1026 Silium
976 977 1217 1036 Italicum,
1245 976 1392 1024 libros
1417 991 1448 1023 v
1469 976 1625 1026 Statii
1656 975 1910 1025 Silvarum
1962 1005 1965 1023 .

250 1060 362 1108 item
388 1059 466 1107 M.
496 1059 771 1106 Manilium
796 1058 1200 1106 Astronomicum.
1271 1059 1326 1106 Is
1349 1058 1436 1120 qui
1450 1059 1598 1105 libros
1622 1057 1912 1121 transcripSi

251 1140 673 1204 tgnoranttivsz'mus
697 1140 910 1188 omnium
940 1140 1202 1190 viventium
1223 1138 1347 1202 fuit,
1374 1140 1598 1189 divinare
1621 1145 1806 1203 oportet
1831 1156 1892 1188 no
1911 1168 1913 1171 v

251 1226 410 1286 legere,
461 1224 650 1286 ideoque
702 1231 818 1287 opus
871 1230 942 1271 est
985 1230 1043 1271 ut
1100 1224 1499 1271 transcribantur
1543 1232 1634 1287 per
1690 1224 1878 1272 homine

250 1307 448 1354 doctum.
504 1307 615 1368 Ego
634 1307 728 1368 legi
748 1321 891 1367 usque
914 1306 985 1353 ad
1004 1320 1102 1352 xm
1129 1306 1311 1353 librum
1333 1305 1462 1365 Silii,
1491 1307 1646 1353 multa
1664 1307 1908 1355 emendam

251 1388 324 1436 ita
364 1394 420 1435 ut
456 1393 572 1436 recte
610 1388 836 1436 scri‘bentz
857 1387 1009 1449 faczle
1049 1387 1116 1436 stt
1149 1388 1328 1436 si'mzles
1364 1403 1548 1435 errores
1588 1388 1923 1451 deprehender

251 1485 412 1531 eosque
463 1485 694 1531 corregere
740 1485 792 1517 m
843 1469 1040 1531 reliquis
1098 1469 1249 1528 libris,
1306 1470 1466 1531 ztaque
1518 1470 1581 1516 da
1628 1476 1821 1531 operam
1873 1485 1906 1516 u
1967 1501 1970 1516 .

251 1551 656 1610 transcrtbantur,
672 1556 841 1613 postea
866 1551 1030 1598 mettas
1054 1551 1161 1599 illos
1184 1551 1482 1599 Florentiam
1507 1552 1575 1598 ad
1593 1551 1866 1599 M'colaum.

323 1633 400 1680 De
433 1630 630 1682 librario
665 1649 695 1680 a
719 1648 771 1682 se
803 1631 854 1680 in
883 1630 1115 1681 Helvetia
1140 1633 1392 1682 conducto
1425 1631 1522 1681 alio
1547 1633 1660 1681 loco
1692 1631 1911 1696 loquitur

253 1713 340 1762 ubi
374 1712 754 1763 commenticiae
779 1712 979 1763 cuidam
1010 1712 1060 1762 in
1088 1714 1356 1763 Germania
1389 1712 1621 1763 codicum
1651 1712 1924 1763 invention

253 1811 284 1843 a
308 1793 561 1845 Cardinali
592 1796 754 1859 Capra
779 1796 937 1844 factae
962 1811 1015 1844 se
1051 1795 1203 1844 fidem
1234 1796 1464 1845 daturum
1491 1812 1598 1844 esse
1623 1804 1769 1859 negat
1793 1804 1901 1845 ant

255 1893 406 1940 quam
439 1875 737 1941 exemplaria
770 1875 1060 1940 transcripta
1084 1875 1273 1927 viderit.
1347 1880 1360 1902 ‘
1379 1878 1488 1941 Ego
1523 1876 1729 1926 vermis'
1765 1877 1927 1941 inqui

256 1959 537 2021 ‘quendam
575 1956 792 2007 conduxi
826 1959 1115 2021 scriptorem
1153 1957 1202 2006 in
1231 1959 1509 2018 Germania,
1544 1967 1733 2022 quanto
1771 1957 1924 2024 magi

254 2048 421 2089 noster
445 2039 687 2103 potuisset
719 2055 823 2089 non
858 2040 1060 2088 unicum
1095 2040 1184 2089 sed
1209 2041 1372 2104 plures
1408 2055 1605 2103 parasse
1635 2039 1910 2104 scriptores.
1972 2087 1975 2100 ⁴

254 2122 399 2170 Haec
446 2120 730 2170 testimonia
781 2138 896 2170 cum
948 2120 1135 2171 codicis
1188 2122 1264 2170 M
1301 2138 1359 2184 31
1411 2120 1535 2171 facie
1588 2121 1712 2171 miro
1772 2123 1915 2172 mod·

256 2215 526 2261 congruere
560 2198 719 2262 quivis
753 2198 998 2249 fatebitur.
1073 2198 1211 2262 Quid
1241 2201 1433 2248 multa?
1504 2201 1660 2249 Hunc
1696 2200 1922 2254 codicem
1960 2219 1964 2222 ’

254 2297 404 2329 manu
448 2282 698 2330 Germana
739 2280 993 2344 scriptum,
1035 2280 1276 2331 Silvarum
1318 2282 1508 2331 fontem
1550 2281 1910 2331 unicum——un

254 2379 369 2411 curn
390 2380 433 2411 x.
456 2365 514 2410 81
547 2361 665 2411 olim
691 2362 1105 2427 conglutinatum,
1122 2379 1149 2412 e
1169 2379 1270 2426 quo
1295 2361 1499 2412 Asconii
1525 2379 1698 2413 omnes
1724 2362 1927 2413 codice

308 2516 323 2542 ²
354 2517 571 2558 Henricus
591 2517 764 2568 Omont,
782 2518 847 2557 vir
867 2519 908 2558 in
929 2518 1192 2569 hoc‘genere
1212 2518 1509 2570 peritissimus,
1534 2529 1626 2558 cum
1652 2519 1735 2559 duo
1758 2519 1921 2560 Manili·

255 2578 298 2611 et
327 2572 451 2612 Statii
472 2571 571 2611 folia
590 2579 681 2612 arte
703 2572 1042 2622 photographica
1074 2585 1292 2625 expressa,
1316 2585 1426 2623 quae
1454 2572 1507 2612 ad
1527 2582 1622 2612 eum
1645 2586 1723 2623 per
1741 2573 1922 2615 amicum
1965 2574 1978 2623 εξ

256 2627 484 2678 misissem,
527 2627 800 2678 inspexisset,
840 2626 1031 2667 codicem
1071 2640 1096 2666 a
1130 2627 1288 2668 duobus
1327 2626 1506 2666 librariis
1545 2627 1787 2668 confectum
1827 2642 1924 2669 ess

255 2681 376 2731 dixit,
415 2681 625 2720 Silvarum
663 2682 916 2732 scriptorem
958 2681 1107 2721 Italum
1147 2694 1245 2721 esse
1284 2683 1487 2732 potuisse,
1523 2679 1684 2721 Manilii
1722 2695 1806 2722 non
1845 2696 1927 2734 po·

255 2736 398 2775 tuisse.
461 2734 689 2786 Exemplar
711 2734 870 2775 Manilii
890 2736 1002 2786 quod
1031 2736 1201 2776 unicum
1232 2742 1319 2776 tum
1350 2735 1557 2775 habebam
1586 2736 1741 2775 malum
1763 2743 1806 2777 et
1825 2749 1923 2788 per·
1932 2751 1933 2754 ¹

255 2790 479 2828 obscurum
513 2795 616 2830 erat.
686 2789 768 2829 His
801 2796 941 2830 autem
981 2790 1130 2830 diebus
1168 2789 1390 2841 exemplar
1427 2789 1628 2853 optimum
1667 2791 1791 2831 amici
1826 2790 1932 2840 mei,

255 2845 308 2884 O.
334 2844 382 2883 L.
401 2843 658 2888 Richmond.
678 2843 887 2884 beneficio
909 2850 1056 2884 nactus
1072 2844 1207 2884 virum
1228 2844 1400 2884 doctum
1425 2843 1576 2884 iterum
1597 2844 1690 2895 ipse
1710 2846 1917 2896 consului,

254 2898 325 2948 qui
357 2897 399 2936 in
440 2903 619 2948 utroque
653 2897 754 2938 folio
793 2898 980 2938 eiusdem
1015 2898 1181 2939 scribae
1216 2911 1386 2938 manum
1422 2898 1609 2950 agnovit,
1645 2899 1758 2939 hunc
1793 2901 1929 2940 etiam
1977 2918 1981 2949 ι

255 2951 407 2991 Italum
428 2965 525 2992 esse
545 2965 629 2991 non
652 2952 841 3002 potuisse
858 2953 1092 2993 affirmavit.
1126 2953 1208 3003 (Cf.
1228 2952 1485 3003 Phillimore,
1503 2953 1660 3002 Silvae,
1678 2967 1716 3003 p.
1734 2953 1833 2993 xviii
1851 2953 1912 3007 n.)

1044 3037 1135 3068 XXX
