1988 3334
609 158 684 207 IN
725 156 1259 209 CORNELIANAM
1705 155 1765 215 65

168 300 236 348 In
262 316 380 363 quo
406 316 535 349 cum
561 299 744 348 multa
779 298 1144 362 reprehensa
1176 295 1312 358 sint,
1338 305 1456 345 tum
1484 294 1771 360 imprimis

54 375 60 479 ³
97 379 374 431 celeritas
399 379 670 431 actionis.

55 479 60 546 Ῑ
97 495 99 497 -
164 462 482 515 Celeritatem
514 460 724 513 actionis
761 459 1018 526 significat,
1050 460 1189 525 quod
1226 458 1476 520 ManiliuS,
1517 458 1644 509 sicut
1673 458 1771 508 iam

95 544 420 606 ostendimUS,
447 553 562 610 post
585 545 824 609 pauculos
854 541 1019 593 statim
1045 541 1152 592 dies
1182 558 1332 607 quarn
1358 540 1534 592 inierat
1558 540 1773 591 tribuna-

48 678 51 700 .
96 635 202 677 tum
228 629 388 692 legem
414 628 627 678 eandem
654 623 1020 690 Compitalibus
1045 624 1258 689 pertulit.

58 711 89 762 J
165 708 387 759 Petivit
421 719 615 759 tamen
647 726 677 758 a
709 725 797 758 me
830 716 1065 773 praetor
1098 707 1348 757 maxima
1380 705 1771 758 contentione

41 838 43 852 ,
91 799 158 841 „ut
193 808 434 841 causam
472 789 686 841 Manili
722 791 1120 840 defenderem.

48 876 65 953 ‘3
95 888 97 891 ’
164 874 222 924 C.
250 873 444 923 Attium
470 874 674 924 Celsum
701 871 957 937 significat,
987 871 1114 921 sicut
1139 870 1237 921 iam
1263 880 1380 921 ante
1405 870 1595 922 dictum
1624 880 1711 921 est.

571 1082 730 1129 VER.
771 1083 817 1129 A
855 1082 989 1130 PRI.
1033 1081 1269 1131 DCCCL

165 1191 286 1242 dicit
322 1192 386 1241 de
422 1192 603 1241 eodem
642 1189 820 1239 Manili
856 1190 1139 1240 tribunatu:

87 1307 91 1310 -
166 1275 298 1323 Nam
335 1290 450 1322 cum
486 1272 528 1322 is
559 1281 613 1321 tr.
647 1274 711 1336 pl.
740 1273 864 1322 duas
897 1273 1030 1336 leges
1066 1271 1118 1320 in
1151 1288 1212 1322 eo
1247 1270 1532 1335 magistratu
1567 1270 1771 1331 tulisset,

90 1371 250 1405 vunam
291 1353 635 1419 perniciosam,
679 1355 884 1403 alteram
927 1352 1201 1418 egregiam:
1253 1354 1391 1417 quod
1439 1369 1665 1403 summae
1708 1352 1776 1403 rei

45 1429 55 1482 s
98 1453 145 1504 p.
182 1435 434 1486 nocuisset
471 1435 536 1485 ab
575 1435 660 1485 illo
699 1435 808 1500 ipso
842 1445 897 1484 tr.
933 1434 1185 1484 abiectum
1236 1443 1324 1495 est,
1367 1435 1558 1484 bonurn
1606 1444 1772 1485 autem
1797 1438 1863 1500 58

47 1511 57 1591 ιΪ
110 1520 238 1569 ·u0d
266 1558 275 1568 .
304 1557 313 1568 .
337 1557 352 1567 ..
385 1557 393 1567 .
423 1557 431 1567 .
463 1557 472 1569 .
502 1535 697 1568 summa
715 1535 840 1582 resp.
861 1526 1029 1567 manet
1049 1526 1097 1567 et
1122 1516 1205 1569 †in
1222 1516 1368 1566 vestri
1385 1515 1561 1567 ordina
1586 1556 1595 1566 .
1627 1556 1635 1566 .
1667 1516 1776 1568 ‚dis

48 1741 49 1745 Ἰ
171 1681 375 1732 Dictum
416 1691 490 1731 est
529 1681 627 1731 iam
676 1699 823 1746 supra
855 1682 919 1732 de
963 1681 1039 1730 his
1076 1680 1282 1745 legibus,
1324 1698 1533 1745 quarum
1573 1698 1672 1730 una
1714 1683 1779 1732 de

99 1762 445 1814 ibertinorum
483 1762 735 1827 suffragiis,
776 1779 904 1827 quae
942 1780 1057 1812 cum
1084 1764 1130 1812 S.
1168 1764 1225 1813 C.
1263 1763 1501 1812 damnata
1538 1772 1681 1823 esset,
1713 1763 1777 1812 ab

50 1902 51 1906 Ἰ
101 1861 212 1910 .pso
247 1861 451 1910 quoque
476 1844 690 1894 Manilio
724 1861 819 1894 non
845 1847 971 1894 ultra
995 1845 1201 1894 defensa
1225 1853 1330 1894 est:
1366 1846 1519 1895 altera
1554 1846 1619 1895 de
1645 1845 1777 1894 bello

49 1928 60 1949 ¹¹
102 1970 103 1973 ,
165 1926 447 1977 ithridatico
474 1928 566 1978 Cn.
591 1926 834 1991 Pompeio
854 1930 988 1976 extra
1012 1925 1241 1976 ordinem
1268 1928 1571 1986 mandando,
1595 1944 1654 1976 ex
1679 1944 1779 1990 qua

59 1999 77 2040 ¹>
105 2026 211 2074 ege
235 2018 341 2060 turn
369 2011 586 2074 Magnus
613 2008 883 2074 Pompeius
910 2009 1095 2059 bellum
1120 2008 1336 2073 gerebat.

103 2141 105 2147 '
166 2154 183 2180 1
216 2147 316 2181 sunt
335 2139 542 2193 Sigonius
678 2153 704 2190 3
733 2141 844 2191 quod
864 2139 1102 2180 Beraldus:
1132 2148 1178 2179 ut
1200 2144 1256 2181 Σ;
1288 2141 1386 2191 quia
1402 2139 1626 2181 Manutius
1754 2143 1781 2180 6

52 2219 64 2243 ÷.·
119 2201 279 2237 ·raetor
289 2195 348 2235 ed.
368 2195 483 2236 Iunt.
503 2209 512 2235 ε
534 2192 600 2246 p‘f‘.
617 2198 648 2236 Σ
666 2210 675 2235 :
697 2204 819 2247 pater
838 2195 896 2235 ed.
921 2196 1016 2235 Ven.
1043 2210 1052 2235 ε
1083 2201 1283 2246 praetore
1304 2195 1528 2236 Manutius
1602 2202 1779 2236 conten-

60 2249 64 2299 ]
106 2251 223 2291 'one
251 2249 335 2290 KS
350 2264 360 2289 ε
392 2249 702 2290 constitutione
723 2253 781 2291 Στ
811 2250 1125 2290 contestatione
1153 2249 1212 2290 ed.
1236 2250 1336 2290 Ald.
1360 2264 1369 2290 ε
1386 2251 1490 2302 fort.
1514 2251 1557 2290 in
1579 2251 1780 2292 contione

118 2313 125 2337 ²
161 2306 347 2347 Cattium
370 2305 512 2355 (carti—
532 2303 594 2357 S)
617 2308 662 2356 Σ,
686 2317 785 2345 corr.
810 2304 988 2357 Madvig
1096 2318 1124 2355 9
1153 2317 1314 2345 Dcccct.
1332 2305 1375 2343 P
1508 2319 1554 2344 11
1586 2307 1622 2345 is
1642 2311 1695 2345 tr.
1720 2306 1776 2357 pl.

53 2373 65 2414 ζ,
165 2374 175 2401 :
201 2360 250 2400 Τ.
266 2359 338 2411 ple
361 2358 415 2398 M
430 2372 440 2399 :
471 2387 798 2399 ..........
836 2359 874 2399 S
983 2358 1152 2399 tulisset
1171 2361 1215 2399 in
1236 2373 1289 2400 eo
1309 2359 1558 2411 magistratu
1578 2360 1621 2399 P
1730 2373 1780 2399 12

54 2415 55 2420 ’
83 2463 86 2466 y
118 2428 234 2461 sam
262 2413 542 2466 pernitiosam
562 2413 675 2454 PM:
706 2442 929 2454 .......
954 2414 1110 2454 ciosam
1132 2414 1169 2455 S
1256 2426 1447 2455 summae
1469 2415 1531 2454 rei
1551 2428 1593 2466 p.
1608 2416 1779 2468 scripsi:
1806 2463 1809 2466 ‚

64 2491 67 2506 ὁ
83 2480 86 2494 u
115 2483 118 2486 ·
1029 2479 1072 2502 ca

55 2519 58 2547 ⁸
84 2501 87 2547 ἶ
130 2523 270 2554 umma
304 2523 416 2563 resp.
453 2511 566 2564 (rep.
604 2509 672 2561 M)
712 2509 804 2549 ΡΜ
822 2525 831 2550 :
852 2540 861 2550 .
888 2539 896 2550 .
923 2541 933 2552 .
957 2541 966 2551 .
988 2523 1046 2562 pu
1079 2510 1118 2550 S
1226 2510 1446 2552 nocuisset
1477 2511 1644 2564 scripsi:
1692 2521 1781 2553 non

56 2571 59 2619 l
120 2566 218 2607 esit
237 2566 314 2606 sed
334 2571 365 2607 Σ
565 2579 614 2616 13
644 2566 738 2616 ipso
759 2571 810 2605 tr.
834 2564 901 2606 P:
931 2566 1025 2616 ipso
1044 2565 1257 2606 tribunum
1276 2567 1352 2606 M:
1384 2566 1480 2617 ipso
1498 2565 1536 2607 S
1555 2580 1565 2606 :
1595 2567 1690 2617 ipso
1710 2567 1782 2618 qui

142 2626 330 2662 raverat
349 2619 430 2661 KS
513 2660 519 2667 ,
610 2633 658 2670 14
688 2620 800 2671 quod
827 2649 1045 2660 .......
1064 2619 1154 2660 SM
1171 2634 1180 2660 :
1210 2621 1323 2671 quod
1348 2621 1415 2661 P:
1450 2621 1556 2672 sort.
1578 2622 1782 2671 poscebat

58 2716 59 2726 ¹
119 2725 121 2728 Ι
153 2675 386 2728 pplendum
498 2687 568 2715 res
589 2687 629 2726 p.
654 2678 685 2715 Σ
706 2689 716 2714 :
746 2675 788 2714 in
809 2688 856 2714 re
876 2688 918 2725 p.
943 2674 1186 2714 Mommsen
1275 2675 1319 2714 in
1341 2675 1474 2716 uestri
1496 2676 1643 2716 ordina
1664 2705 1674 2716 .
1700 2704 1710 2715 .
1733 2708 1741 2716 .
1769 2707 1778 2717 .

87 2750 89 2755 ¹
138 2743 212 2770 m.
235 2729 311 2770 lac.
332 2728 386 2768 M
391 2731 408 2783 )
429 2728 495 2770 dis
524 2728 601 2769 fuit
633 2729 721 2782 (dis
743 2758 752 2768 .
781 2760 788 2769 .
811 2759 821 2769 .
845 2729 924 2768 suit
942 2729 1000 2780 P)
1033 2733 1064 2770 Σ
1085 2744 1095 2769 :
1136 2729 1287 2781 imperi
1313 2730 1445 2771 vestri
1471 2730 1713 2770 ordinarios
1731 2731 1782 2782 (!)

0 2796 1 2803 ¹
58 2812 60 2819 ι
88 2783 90 2786 ’
123 2790 253 2825 ostes
289 2784 464 2835 dispulit
496 2781 735 2824 Mommsen
869 2785 920 2823 16
948 2782 1029 2822 iam
1050 2783 1134 2824 KS
1150 2798 1159 2823 τ
1189 2784 1317 2824 etiam
1344 2788 1376 2824 Σ
1498 2798 1630 2836 supra
1659 2786 1784 2826 dictis

58 2855 93 2895 ¹ss
126 2867 154 2888 ,
182 2852 282 2879 corr.
315 2837 541 2878 Manutius
712 2850 888 2888 quarum
921 2851 1003 2878 una
1034 2838 1283 2878 Manutius:
1312 2851 1420 2890 quas
1442 2852 1556 2879 nunc
1590 2844 1649 2880 Σε
1678 2853 1784 2891 quas

68 2891 94 2948 ξ
140 2905 222 2934 unc
253 2893 415 2944 tangit:
443 2892 576 2933 altera
605 2893 681 2932 fuit
701 2891 942 2933 Mommsen
1113 2894 1162 2932 18
1192 2905 1277 2933 non
1299 2893 1395 2934 add.
1420 2893 1500 2934 KS
1651 2895 1781 2947 ultra]

91 2966 94 2982 ι
136 2946 242 2989 ltera
261 2947 449 3000 Poggius
620 2960 673 2988 20
703 2960 796 2987 cum
823 2951 868 2997 Σ,
889 2961 988 2987 corr.
1015 2946 1073 2988 ed.
1097 2947 1199 2988 Ald.

91 3000 96 3020 ³
162 3014 371 3043 ascomvs
1648 3005 1673 3041 Γ)
