1988 3334
219 142 282 191 50
881 129 1227 179 ASCONIVS

331 199 367 206 χ
376 207 379 209 .

216 267 303 316 tati
329 276 444 316 sunt
469 276 516 317 et
541 268 768 318 dixerunt
793 284 821 317 a
848 284 998 318 manu
1034 267 1239 318 Milonis
1266 268 1486 318 occisum
1513 284 1620 318 esse
1646 267 1866 319 Clodiu..

217 355 263 396 ct
282 354 445 399 cetera.

285 429 332 493 (ξ
357 429 460 494 49.)
497 430 678 494 Atqui
711 439 770 479 ut
804 430 892 479 illi
925 439 1252 480 nocturnus
1284 432 1576 482 adventus
1605 431 1851 490 vitandu

217 510 344 571 fuit,
384 510 468 560 sic
512 510 739 572 Miloni,
778 527 909 561 cum
947 511 1270 562 insidiator
1311 521 1480 574 esset,
1521 512 1568 562 si
1606 512 1771 562 illum
1811 509 1873 563 a?

218 592 420 642 urbem
456 601 637 643 noctu
671 609 1054 644 accessurum
1091 593 1332 655 sciebat,
1367 594 1800 645 subsidendum
1843 616 1864 638 a

215 834 482 885 latrociniis
506 835 599 885 fuit
621 852 861 900 perquam
885 836 1096 898 infamiS,
1118 838 1256 901 quod
1280 855 1340 887 ex
1362 837 1469 887 aliis
1494 855 1696 902 quoque
1720 839 1824 888 mul
1835 862 1871 882 ι.

215 916 434 980 intellegi
457 925 636 981 potest.

287 996 331 1061 (ξ
358 997 460 1063 55.)
497 998 763 1049 Comites
806 999 1084 1049 Graeculi
1120 1016 1495 1064 quocumque
1530 1000 1673 1062 ibat,
1707 1000 1867 1051 etia·

219 1095 348 1128 cum
384 1078 441 1127 in
478 1088 669 1129 castra
705 1082 954 1130 Etrusca
988 1081 1361 1145 properabat.
1867 1130 1869 1134 .

287 1160 447 1224 Saepe
482 1160 666 1210 obiecit
702 1161 885 1212 Clodio
922 1161 1100 1213 Cicero
1142 1161 1334 1212 socium
1376 1180 1492 1213 eum
1534 1162 1808 1214 coniuratio
1845 1162 1872 1177 ‘

219 1240 464 1292 Catilinae
487 1241 670 1303 fuisse·
704 1258 856 1307 quam
881 1260 985 1293 rem
1018 1260 1153 1293 nunc
1186 1260 1388 1309 quoque
1417 1244 1628 1294 reticens
1652 1243 1873 1310 ostendiq.
1957 1293 1959 1309 ,

220 1324 399 1372 Fuerat
423 1321 558 1372 enim
583 1322 768 1388 opinio,
796 1333 851 1374 ut
876 1324 1092 1376 Catilina
1116 1342 1176 1376 ex
1201 1325 1323 1375 urbe
1347 1325 1664 1390 profugerat'
1652 1343 1704 1375 1n
1729 1342 1811 1376 cas
1867 1377 1869 1380 ⁴

220 1403 381 1454 Manli
405 1403 706 1455 centurionis
731 1405 817 1470 qui
842 1415 948 1456 tum
972 1405 1025 1456 in
1050 1406 1246 1456 Etruria
1268 1408 1334 1457 ad
1360 1409 1592 1457 Faesulas
1617 1407 1870 1478 exercitu·

219 1483 265 1534 ei
289 1485 623 1549 comparabat,
653 1486 889 1537 Clodium
922 1487 1160 1552 subsequi
1185 1504 1300 1537 eum
1325 1487 1541 1538 voluisse
1565 1497 1615 1539 et
1646 1487 1814 1554 coepis
1837 1525 1868 1557 .·

218 1575 325 1615 tum
350 1565 468 1616 dein
494 1575 685 1616 mutato
710 1567 919 1617 consilio
943 1567 995 1617 in
1020 1569 1195 1619 urbem
1220 1569 1418 1619 redisse.

289 1646 334 1712 (ξ
359 1647 462 1713 67.)
499 1648 631 1697 Non
665 1648 775 1698 iam
809 1651 921 1699 hoc
946 1649 1304 1701 Clodianum
1339 1650 1565 1700 crimen
1597 1650 1858 1700 timemu

221 1729 323 1778 sed
359 1737 504 1789 tuaS,
540 1729 640 1779 Cn.
681 1730 1047 1794 Pompei—te
1081 1731 1233 1781 enim
1271 1733 1526 1796 appello,
1558 1741 1615 1782 et
1647 1749 1713 1782 ea
1745 1747 1849 1782 voc

221 1819 281 1859 ut
324 1826 411 1859 me
447 1810 726 1860 exaudire
768 1811 1174 1876 possis-tuaS,
1219 1813 1472 1878 inquam,
1511 1813 1869 1882 suspicione

220 1891 738 1955 perhorrescimus,

292 1973 519 2023 Diximus
562 1973 612 2023 in
653 1984 946 2039 argumento
988 1975 1222 2026 orationis
1265 1976 1410 2026 huius
1453 1978 1547 2027 Cn.
1592 1976 1833 2042 Pompeiu

133 2068 202 2119 45
223 2055 480 2105 simulasse
505 2055 748 2119 timorem,
776 2073 863 2106 seu
896 2059 1043 2121 plane
1068 2057 1290 2107 timuisse
1324 2057 1585 2120 Milonem,
1613 2067 1661 2108 et
1685 2058 1800 2109 ideo

222 2136 361 2186 domi
394 2136 598 2201 quidem
631 2154 749 2187 suae
774 2139 862 2188 sed
888 2137 938 2187 in
972 2138 1125 2188 hortis
1151 2138 1484 2204 superioribus
1508 2149 1624 2189 ante
1648 2138 1853 2190 iudiciu

224 2218 477 2278 mansisse,
516 2218 584 2268 ita
619 2228 672 2268 ut
708 2219 872 2269 villam
910 2237 1111 2285 quoque
1153 2220 1399 2285 praesidio
1435 2220 1647 2271 militum
1685 2221 1816 2271 circu
1846 2232 1862 2265 ι

223 2300 375 2349 daret.
455 2300 518 2362 Q.
570 2300 838 2364 Pompeius
895 2303 1056 2351 Rufus
1103 2301 1329 2352 tribunus
1377 2302 1548 2367 plebis,
1600 2302 1685 2366 qui
1732 2304 1814 2353 fue
1844 2302 1857 2343 ε’

224 2379 629 2430 familiarissimus
666 2381 889 2431 omnium
929 2384 980 2432 P.
1010 2382 1192 2434 Clodio
1221 2392 1270 2433 et
1295 2392 1480 2433 sectam
1513 2383 1646 2433 illam
1673 2383 1811 2449 sequi
1841 2405 1858 2432 z

289 2520 302 2547 1
335 2509 449 2549 adel.
474 2508 532 2548 ed.
555 2509 657 2549 Ald.
877 2522 902 2548 2
933 2517 975 2550 et
995 2516 1137 2550 cetera
1156 2511 1366 2564 supplevi:
1395 2511 1573 2552 consilio
1594 2525 1697 2553 uero
1719 2513 1827 2553 maio
1850 2556 1854 2558 ,

225 2563 404 2602 alicuius
433 2562 470 2601 S
498 2577 548 2602 ex
581 2563 659 2603 Cic.
848 2577 874 2615 3
902 2565 1103 2604 uitandus
1136 2565 1202 2604 P:
1234 2566 1276 2604 ui
1309 2571 1454 2606 tantus
1487 2565 1554 2606 Se
1583 2567 1810 2607 sinitantus

228 2629 253 2666 5
283 2622 410 2656 noctu
432 2620 475 2667 Σ,
502 2617 579 2658 Cic,
602 2617 718 2657 codd.
740 2618 824 2658 ΣΗ
839 2633 848 2658 z
879 2626 1004 2659 nocte
1033 2624 1114 2660 cett.
1140 2619 1253 2660 codd.
1279 2619 1354 2660 Cic.
1578 2626 1621 2660 et
1654 2620 1815 2672 cetera]

230 2701 408 2712 ......
432 2670 484 2710 Μ
564 2685 586 2722 7
616 2672 754 2712 basilii
777 2677 820 2724 Σ,
843 2685 944 2714 corr.
970 2672 1100 2713 Orelli
1176 2675 1203 2712 8
1232 2686 1444 2725 perquam
1456 2674 1625 2715 infamis
1643 2675 1822 2715 Manutt‘
1852 2714 1855 2716 ,

231 2738 309 2776 per
327 2738 451 2775 quam
472 2726 507 2764 is
528 2730 559 2766 Σ
577 2740 586 2766 :
616 2727 863 2777 perinfamis
882 2726 1028 2767 Baiter
1181 2739 1228 2778 15
1260 2729 1388 2768 manli
1409 2729 1475 2768 P.
1504 2729 1634 2769 mallii
1654 2729 1718 2770 S.
1746 2741 1841 2770 man

232 2779 284 2818 M
395 2782 445 2819 16
475 2779 591 2832 eum]
614 2793 709 2820 cum
731 2779 769 2820 S
882 2794 929 2832 17
959 2788 1048 2821 tum
1070 2781 1168 2822 dein
1189 2789 1350 2822 mutato
1369 2781 1435 2823 P.
1467 2796 1562 2823 cum
1593 2783 1702 2835 (tum
1731 2782 1806 2837 M)
1841 2802 1854 2828 ·,
1915 2824 1917 2826 ,

227 2831 408 2874 {mutato
429 2832 520 2872 SM
702 2837 752 2875 18
781 2834 863 2875 iam
889 2836 995 2876 Cia:
1024 2842 1110 2876 tam
1130 2834 1244 2876 PM:
1273 2842 1417 2876 tamen
1437 2836 1475 2877 S
1600 2838 1814 2888 quotidiam
1847 2834 1850 2843 ’
1908 2846 1916 2889 ·,

231 2891 277 2940 Σ,
298 2900 397 2928 corr.
419 2886 641 2928 Manutius
658 2902 708 2928 ex
728 2889 805 2932 Cic.
946 2903 997 2941 19
1026 2896 1070 2931 et
1091 2891 1164 2943 (ex
1185 2889 1259 2943 M)
1283 2894 1342 2932 Σ.
1371 2903 1452 2933 om.
1476 2891 1588 2933 codd.
1616 2891 1694 2932 canc

231 2948 327 2982 tuas
348 2946 392 2988 Σ,
415 2941 492 2982 Cic.
516 2941 629 2983 codd.
654 2943 763 2984 ΣΗε
791 2948 886 2984 tuas
905 2949 1001 2984 tuas
1019 2950 1105 2987 cett.
1125 2944 1236 2985 codd.
1263 2944 1340 2986 Cic.
1493 2959 1546 2985 22
1576 2947 1816 2998 pompeium
1837 2974 1849 2985 .

235 3025 489 3038 ........
510 2995 547 3035 S
697 2998 951 3049 pompeii..
976 3029 984 3039 .
1007 3029 1017 3039 .
1043 2997 1096 3037 Μ
1246 3011 1300 3049 23
1330 3000 1524 3040 timorem
1543 2999 1656 3040 SM:
1685 3001 1850 3040 timere⁴
1904 3000 1916 3039 .‘

233 3052 286 3090 26
318 3050 456 3090 Rufus
475 3052 526 3100 ς,
547 3051 717 3092 Bai-ter
708 3082 717 3092 .
747 3052 826 3092 suit
847 3056 878 3094 Σ
1015 3065 1066 3103 27
1096 3065 1214 3094 suam
1236 3058 1279 3106 Σ,
1303 3066 1406 3095 corr.
1432 3052 1591 3107 Stangl
1669 3052 1832 3117 insequi
1899 3055 1940 3122 'Fi
