1988 3334
201 145 264 189 90
329 180 365 188 a
833 150 836 153 ’
864 131 1210 182 ASCONIVS

269 267 509 318 Eiusdem
534 268 664 318 illius
691 269 820 318 Mari
837 269 1113 319 Gratidiani
1139 271 1277 333 quod
1302 278 1451 334 caput
1474 268 1672 334 gestarit
1697 268 1883 342 obicit.3
1955 317 1958 351 ἱ

267 351 384 411 Quo
408 352 521 400 loco
545 350 667 400 dicit
693 350 958 402 Catilinam
983 360 1132 415 caput
1158 353 1229 400 M.
1259 350 1390 400 Mari
1412 361 1628 416 gestasse
1648 369 1657 399 :
1956 354 1957 364 ¹

267 433 442 494 Quod
468 441 646 496 caput
671 431 848 482 etiam
872 441 993 482 tum
1018 435 1257 497 plenum
1281 431 1513 482 animae
1538 441 1594 482 et
1619 431 1866 496 spiritus

197 514 270 563 ad
305 515 529 563 Sullam
564 531 751 579 usque
785 515 857 564 ab
895 514 1171 564 Ianiculo
1206 516 1278 565 ad
1318 516 1524 565 aedem
1560 513 1866 579 Apollinis
1938 579 1959 584 ,Ἴ

198 594 470 645 manibus
507 595 635 660 ipse
671 595 792 645 suis
829 595 1061 646 detulit.
1884 603 1886 606 ’
1936 583 1938 592 ,

265 677 450 727 Omnia
497 687 612 727 sunt
658 677 935 728 manifesta.
1029 681 1109 728 Ne
1156 688 1324 729 tamen
1371 678 1552 739 erretis,
1604 678 1742 742 quod
1788 675 1865 726 his
1938 701 1960 742 χ

196 759 503 824 temporibus
550 760 700 810 aedes
747 759 994 824 Apollinis
1046 759 1098 809 in
1147 759 1337 810 Palatio
1391 759 1484 809 fuit
1539 757 1865 820 nobilissima,
1936 755 1961 826 J

194 840 503 892 admonendi
545 841 662 891 estis
700 858 803 892 non
841 843 971 891 hanc
1011 859 1042 890 a
1083 841 1328 892 Cicerone
1375 840 1651 906 significari,
1692 849 1865 905 utpote
1939 862 1961 914 j}

193 940 344 987 quam
399 932 515 988 post
569 932 780 974 mortem
827 923 976 973 etiam
1025 922 1281 974 Ciceronis
1329 922 1495 972 multis
1541 922 1685 972 annis
1735 925 1860 989 Imp.
1937 922 1962 989 [3

115 1005 171 1053 81
195 1006 390 1065 Caesar,
418 1022 568 1069 quem
606 1022 742 1054 nunc
778 1004 963 1054 Divum
988 1007 1270 1069 Augustum
1303 1003 1530 1065 dicimuS,
1564 1013 1678 1069 post
1703 1003 1865 1054 Actia·
1889 1009 1892 1042 ἶ
1939 1015 1942 1018 ’

193 1103 304 1135 cam
328 1086 584 1136 victoriam
610 1086 779 1136 fecerit
799 1106 808 1136 :
846 1088 935 1136 sed
959 1085 1094 1136 illam
1120 1085 1446 1137 demonstrari
1471 1103 1600 1150 quae
1632 1095 1707 1136 est
1731 1095 1865 1136 extra

193 1177 386 1232 portam
435 1169 804 1220 Carmentalem
852 1167 979 1218 inter
1025 1170 1187 1218 forum
1236 1168 1523 1219 holitorium
1570 1177 1619 1218 et
1677 1167 1862 1218 circum
1936 1154 1963 1177 Γ

193 1249 507 1300 Flaminium.
582 1253 656 1300 Ea
692 1250 825 1300 enim
862 1251 967 1300 sola
1003 1259 1109 1300 tum
1145 1249 1350 1314 quidem
1389 1252 1584 1300 Romae
1616 1249 1864 1314 Apollinis
1936 1266 1963 1315 ι,’

190 1333 354 1382 aedes.
1833 1335 1843 1347 “

259 1412 503 1478 Loquitur
526 1431 641 1463 cum
668 1413 883 1464 Catilina
903 1433 912 1463 ι
1484 1460 1487 1461 ⁷
1963 1474 1965 1487 ,

260 1494 419 1558 Quid
455 1505 515 1544 tu
554 1505 724 1560 potes
758 1495 816 1544 in
846 1495 1201 1546 defensione
1233 1504 1332 1544 tua
1357 1494 1557 1545 dicere
1581 1496 1740 1558 quod
1770 1493 1860 1544 illi

193 1592 308 1625 non
355 1577 660 1627 dixerint?
718 1584 781 1626 at
823 1578 927 1626 illi
979 1580 1165 1626 multa
1213 1575 1491 1626 dixerunt
1546 1593 1696 1640 quae
1751 1574 1859 1625 tibi

190 1656 390 1708 dicere
427 1674 542 1708 non
579 1657 857 1708 licebit—
1864 1662 1868 1665 ’

257 1748 306 1789 et
329 1742 479 1804 paulo
503 1749 645 1804 post:
1886 1807 1887 1810 Ἴ
1940 1803 1947 1813 ¹

260 1820 536 1885 Denique
562 1821 650 1870 illi
683 1838 895 1886 negare
930 1830 1254 1885 potuerunt
1279 1830 1334 1871 et
1367 1831 1761 1886 negaverunt:
1794 1831 1858 1872 ‚tu
1938 1817 1967 1859 Ἢ

191 1901 303 1952 tibi
336 1919 407 1952 ne
439 1902 750 1953 infitiandi
788 1903 1031 1967 quidem
1067 1902 1479 1967 impudentiae
1515 1905 1709 1953 locum
1735 1903 1861 1953 reli·

191 1983 389 2048 quisti.
465 1986 595 2047 Qua
630 2002 687 2034 re
730 1986 1034 2048 praeclara
1069 1984 1346 2034 dicentur
1382 1983 1615 2034 iudicia.
1649 1984 1859 2034 tulisse
1893 1990 1898 1991 ⁷

190 2065 251 2126 si,
291 2065 389 2130 qui
426 2065 793 2116 infitiantem
828 2066 1107 2115 Luscium
1144 2067 1631 2127 condemnarunt,
1661 2065 1862 2117 Catili-

192 2164 323 2196 nam
361 2147 734 2197 absolverint
771 2147 1180 2197 confitentem.
1944 2199 1948 2201 .

260 2227 362 2278 Hic
399 2245 549 2292 quem
586 2228 812 2278 nominat
849 2230 903 2277 L.
933 2228 1157 2289 LusciuS,
1186 2237 1332 2278 notus
1369 2228 1592 2278 centurio
1629 2230 1856 2278 Sullanus
1885 2258 1888 2260 -
1936 2227 1967 2307 ’,Ἰ

190 2310 429 2375 divesque
445 2328 472 2362 e
487 2310 691 2360 victoria
706 2312 1049 2360 factus—nam
1070 2310 1282 2375 amplius
1302 2310 1487 2361 centies
1504 2312 1856 2375 possederat—
1937 2307 1967 2382 *a

189 2395 453 2444 damnatus
479 2403 581 2444 erat
605 2411 707 2444 non
734 2396 891 2444 multo
915 2403 1031 2444 ante
1056 2411 1206 2458 quam
1233 2393 1410 2446 Cicero
1435 2393 1569 2444 dixit.
1617 2394 1856 2445 Obiectae
1943 2379 1967 2453 ,ῑῖ

248 2536 265 2562 1
300 2523 408 2563 Mari
430 2524 493 2563 P:
523 2524 627 2563 mori
649 2523 738 2563 SM
911 2529 1100 2573 gestaret
1122 2527 1164 2573 Σ,
1185 2537 1285 2563 corr.
1310 2523 1533 2563 Manutius
1705 2524 1792 2564 obit
1811 2529 1855 2571 Σ,
1886 2566 1888 2571 ,
1936 2496 1958 2530 ²

191 2591 292 2617 corr.
315 2579 366 2628 ς,
387 2577 447 2618 ed.
463 2577 577 2618 Iunt.
693 2591 719 2617 2
751 2578 806 2616 M.
830 2591 913 2616 om.
937 2577 991 2617 Pl
1102 2592 1128 2628 4
1157 2577 1306 2629 syllam
1330 2591 1463 2628 usque
1482 2577 1549 2616 P:
1578 2579 1854 2629 syllanosque
1892 2583 1897 2586 ⁴
1938 2584 1967 2621 Η

190 2632 282 2672 5Μ
401 2633 550 2672 aedem
569 2631 637 2672 P:
666 2632 848 2672 aedilem
868 2631 906 2671 S
925 2645 933 2670 z
961 2633 1099 2672 eidem
1122 2631 1175 2670 M
1351 2634 1378 2671 6
1406 2638 1546 2672 tamen
1566 2633 1634 2671 P:
1664 2638 1747 2673 tam
1768 2633 1858 2673 SM
1878 2675 1880 2678 ,
1954 2635 1960 2679 ζ

193 2701 214 2737 7
245 2687 375 2726 aedes
393 2687 458 2726 P:
487 2687 639 2726 aedilis
658 2686 749 2726 SM
869 2686 967 2739 suit]
989 2687 1043 2726 sit
1063 2686 1314 2726 Manutius.
1344 2691 1409 2726 est
1437 2684 1675 2739 Wesenberg
1825 2689 1852 2727 8
1878 2710 1879 2715 =
1938 2683 1968 2740 3¹,

190 2746 234 2779 ut
248 2747 351 2792 puto
364 2745 407 2791 Σ,
423 2755 522 2781 corr.
538 2741 826 2781 Drakenborch
935 2755 963 2791 9
983 2748 1079 2792 post
1094 2740 1175 2792 pS
1287 2753 1336 2780 10
1364 2739 1576 2780 Attiacam
1590 2740 1658 2780 P.
1677 2742 1850 2782 acticam
1872 2763 1886 2772 a
1940 2743 1944 2746 “
1966 2739 1967 2753 ’

190 2795 280 2835 5Μ
426 2808 474 2846 13
503 2796 672 2846 quidem
693 2796 859 2836 Baiter:
888 2797 1057 2836 demum
1079 2799 1110 2836 Σ
1222 2795 1387 2834 Romae
1407 2794 1620 2858 Apollinis
1639 2796 1770 2836 aedes
1788 2796 1851 2836 Ρ·
1879 2822 1884 2829 2
1954 2826 1967 2844 ‹,

191 2862 337 2890 romae
358 2850 412 2889 ad
432 2851 594 2890 aediles
614 2850 676 2890 5;
705 2851 895 2890 adediles
916 2863 1060 2890 romae
1080 2849 1133 2887 M
1242 2861 1291 2899 15
1313 2860 1481 2896 Loovl'r
1500 2863 1594 2889 cum
1615 2850 1797 2890 Catilina
1815 2849 1856 2890 P
1880 2871 1882 2874 ·
1934 2845 1968 2894 *fi*

190 2917 234 2942 m
256 2918 339 2956 mg.
485 2917 532 2955 17
562 2905 620 2943 illi
641 2918 726 2944 non
747 2905 947 2944 dixerunt
968 2910 1014 2953 Σ,
1033 2903 1167 2955 suppl.
1192 2902 1369 2956 Madvig
1509 2917 1561 2943 22
1592 2905 1787 2944 dicuntur
1806 2903 1967 2952 Σ,

190 2971 290 2998 corr.
316 2957 540 2998 Manutius
649 2971 701 3008 23
730 2958 1053 2998 condemnarint
1077 2960 1110 3011 (-
1095 2959 1147 2998 -it
1166 2956 1238 3009 M)
1262 2960 1306 3006 Σ,
1326 2970 1426 2997 corr.
1451 2957 1672 2998 Manutius
1797 2969 1880 3008 25
1932 2933 1969 3054 {sl}

191 3013 392 3063 Syllanus
412 3013 611 3065 Poggius,
633 3012 708 3051 M:
738 3013 928 3063 syllanus
949 3012 1039 3052 SP¹
1251 2988 1306 3051 26'
1333 3025 1357 3051 e
1377 3011 1444 3051 Ρ.
1474 3025 1524 3052 ea
1555 3011 1667 3052 SM:
1698 3026 1751 3052 ex
1773 3011 1853 3052 Ks
1880 3059 1882 3061 Ι
1928 3007 1961 3067 ⁷:⁴5³.

191 3079 241 3117 27
273 3068 513 3107 dominatus
535 3071 579 3117 Σ,
600 3081 701 3106 corr.
725 3067 914 3120 Poggius
