1988 3334
210 129 284 220 *84
350 177 386 184 κ
919 157 1270 209 Ascomvs

220 297 369 347 civis
417 297 758 359 trucidavit,
804 305 904 347 aut
939 297 1198 346 clientem
1248 295 1347 360 qui
1396 295 1452 345 in
1501 313 1601 346 sua
1643 296 1908 348 civitat

221 395 350 428 cum
394 379 707 443 peregrino
755 377 991 442 negavit
1041 395 1101 427 se
1144 377 1377 428 iudicio
1424 394 1615 442 aequo
1663 386 1894 430 certare

222 463 436 525 posse?
1891 470 1896 472 ’
1951 446 1975 477 ¹

136 560 200 611 75
293 543 495 592 Dicitur
518 541 746 602 Catilina,
775 558 890 591 cum
915 541 967 590 in
1005 540 1218 591 Sullanis
1254 539 1475 605 partibus
1508 540 1698 603 fuisset,
1721 542 1864 592 crud·
1896 548 1897 552 ’
1950 526 1975 602 ᾗ,Ξ

221 623 330 673 liter
365 623 553 674 fecisse.
629 623 941 673 Nominatim
984 622 1132 673 etiam
1176 631 1351 687 postea
1387 622 1566 673 Cicero
1604 623 1726 673 dicit
1763 639 1894 690 quos
1946 607 1973 666 ',

219 705 469 766 occiderit,
522 707 585 768 Q.
637 704 925 766 Caecilium,
978 707 1049 754 M.
1095 704 1438 765 Volumnium,
1490 707 1546 754 L.
1596 705 1896 770 Tanusium„
1971 710 1973 767 ζ

215 789 293 840 Μ.
322 786 471 836 etiam
498 786 629 836 Mari
654 786 931 837 Gratidiani
957 802 1151 835 summe
1175 785 1428 849 popularis
1452 785 1683 846 hominiS,
1712 786 1798 850 qui
1822 787 1889 837 ob

217 868 269 918 id
307 868 385 918 bis
427 878 623 933 praetor
654 868 760 929 fuit,
797 877 947 932 caput
981 867 1232 918 abscisum
1271 884 1360 931 per
1400 868 1575 917 urbem
1611 884 1700 917 sua
1738 884 1887 920 manu
1946 879 1971 928 'i

219 949 434 1001 Catilina
485 951 692 999 tulerat:
753 951 890 1014 quod
938 949 1126 999 crimen
1180 949 1375 1014 saepius
1423 949 1469 999 ei
1516 958 1620 999 tota
1667 949 1897 1010 oratione}

218 1031 385 1082 obicit.
476 1035 655 1082 Fuerat
701 1048 818 1082 vero
867 1031 948 1081 hic
1003 1030 1323 1082 Gratidianus
1370 1040 1475 1081 arta
1521 1031 1899 1084 necessitudine
1967 1030 1969 1091 3

218 1113 451 1164 Ciceroni
487 1113 798 1163 coniunctus,
1941 1102 1955 1186 J

286 1195 533 1246 Clientem
559 1204 726 1244 autem
751 1193 946 1259 negavit
971 1194 1153 1244 habere
1177 1210 1324 1258 posse
1350 1195 1406 1244 C.
1435 1193 1712 1244 Antonium
1733 1214 1743 1244 :
1771 1211 1884 1244 nam
1940 1192 1967 1258 ’ᾖ

216 1278 258 1327 is
283 1279 467 1327 multos
497 1276 547 1326 in
574 1275 765 1326 Achaia
797 1275 1091 1340 spoliaverat
1127 1284 1302 1324 nactus
1336 1277 1400 1325 de
1436 1275 1652 1325 exercitu
1685 1277 1888 1327 Sullano
1938 1318 1951 1339 ,

217 1359 442 1424 equiturn
490 1367 688 1408 turmas.
764 1357 964 1408 Deinde
1003 1356 1181 1407 Graeci
1219 1356 1305 1421 qui
1346 1357 1543 1422 spoliati
1590 1367 1728 1407 erant
1769 1360 1886 1409 edu·
1935 1346 1950 1412 i

216 1450 391 1491 xerunt
416 1439 695 1490 Antonium
721 1439 772 1488 in
797 1439 872 1489 ius
908 1440 973 1489 ad
1000 1441 1071 1488 M.
1101 1441 1367 1488 Lucullum
1392 1440 1668 1504 praetorem
1695 1439 1779 1504 qui
1809 1439 1898 1490 ius
1938 1426 1957 1488 15¹

216 1522 343 1572 inter
365 1521 649 1587 peregrinos
674 1520 886 1571 dicebat.
955 1519 1070 1584 Egit
1094 1536 1183 1584 pro
1210 1519 1412 1569 Graecis
1440 1521 1494 1570 C.
1530 1522 1717 1572 Caesar
1737 1521 1899 1572 etiam
1940 1532 1942 1538 ’

215 1614 321 1653 tum
346 1604 764 1663 adulescentuIUS,
786 1603 850 1653 de
874 1618 976 1666 quo
1001 1603 1150 1666 paulo
1175 1610 1290 1652 ante
1315 1602 1622 1652 mentionem
1647 1603 1854 1653 fecimus
1871 1621 1886 1666 3
1936 1594 1953 1666 ,ζῖ

215 1695 265 1736 et
296 1702 411 1736 cum
453 1686 690 1735 Lucullus
729 1684 781 1734 id
817 1685 955 1748 quod
998 1682 1175 1734 Graeci
1216 1684 1536 1748 postulabant
1571 1685 1848 1736 decrevisse
1938 1676 1941 1677 ⁷

214 1766 480 1831 appellavit
499 1766 725 1816 tribunos
745 1764 995 1815 Antonius
1021 1764 1296 1829 iuravitque
1322 1781 1374 1814 se
1400 1764 1515 1815 ideo
1541 1765 1728 1816 eiurare
1747 1758 1890 1838 quo-³
1937 1828 1942 1836 Ι

214 1863 377 1912 aequo
419 1847 523 1898 iure
565 1846 636 1896 uti
673 1863 774 1896 non
812 1855 993 1911 posset.
1083 1848 1239 1895 Hunc
1288 1845 1564 1895 Antonium
1605 1846 1794 1896 Gellius
1835 1864 1887 1898 e

216 1931 458 1979 Lentulus
501 1944 731 1979 censores
779 1926 1016 1978 sexennio
1068 1944 1170 1991 quo
1218 1929 1341 1976 haec
1388 1926 1669 1977 dicerentur
1710 1937 1882 1979 senatu

216 2020 476 2062 moverunt
512 2009 782 2074 titulosque
814 2007 1226 2073 subscripserunt,
1251 2009 1388 2072 quod
1421 2008 1582 2058 socios
1612 2009 1891 2073 diripuerit,

213 2093 351 2156 quod
387 2090 626 2142 iudicium
663 2089 910 2150 recusarit,
949 2091 1087 2154 quod
1123 2098 1322 2154 propter
1357 2089 1481 2139 aeris
1516 2089 1664 2140 alieni
1701 2090 1887 2155 magni
1934 2098 1946 2129 ’ἑ

213 2173 439 2224 tudinem
476 2172 677 2238 praedia
715 2170 1005 2236 manciparit
1038 2172 1272 2235 bonaque
1309 2187 1397 2220 sua
1429 2170 1478 2219 in
1506 2181 1749 2234 potestate
1778 2189 1846 2223 no
1929 2157 1945 2241 {s

272 2398 288 2424 1
322 2385 523 2424 trucidari
549 2388 592 2435 Σ,
616 2397 715 2423 corr.
736 2383 923 2435 Poggius
1007 2384 1204 2424 clientem
1225 2382 1321 2424 add.
1345 2381 1566 2423 Manutius
1675 2398 1700 2434 4
1731 2384 1833 2424 dicit·
1871 2390 1886 2421 ε’
1926 2381 1951 2439 {¹

211 2439 398 2492 supplevi
412 2439 479 2491 (ef
494 2451 563 2488 91.
582 2445 676 2491 27):
703 2437 914 2488 significat
929 2437 1012 2477 KS
1066 2437 1291 2477 Catilinam
1309 2436 1371 2488 M,
1391 2436 1613 2478 Manutius
1681 2450 1705 2488 5
1726 2438 1881 2478 feciss-
1927 2440 1941 2466 a}

210 2494 254 2533 Ρ
269 2508 279 2533 :
302 2493 477 2533 fecisset
490 2491 578 2533 SM
685 2495 712 2531 6
738 2492 984 2532 Tantasium
999 2495 1041 2540 Σ,
1062 2504 1158 2532 corr.
1177 2491 1402 2532 Manutius
1419 2493 1454 2543 (e
1471 2491 1592 2531 Cons.
1608 2490 1694 2532 Pet.
1712 2491 1768 2544 6)
1871 2494 1878 2500 ’
1937 2492 1940 2500 “

212 2548 431 2599 popularis
450 2545 515 2586 P:
547 2546 775 2597 postularis
795 2545 882 2585 SM
1004 2547 1030 2584 8
1059 2545 1267 2586 abscisum
1287 2545 1324 2586 S
1343 2559 1351 2584 :
1381 2545 1611 2586 abscissum
1630 2545 1724 2585 PM
1831 2559 1868 2586 1
1930 2538 1948 2593 ‘J

215 2602 398 2652 negabat
421 2600 518 2655 (-bit
538 2599 607 2650 M)
631 2604 674 2652 Σ,
697 2614 802 2641 corr.
829 2599 997 2640 Baiter:
1029 2605 1160 2651 negat
1179 2599 1404 2640 Manutius
1517 2613 1563 2649 14
1592 2601 1663 2650 qui
1683 2604 1714 2641 Σ
1734 2615 1745 2642 t
1771 2613 1881 2652 quw.
1922 2599 1947 2643 μ’

210 2655 399 2709 Poggius
479 2655 768 2707 spoliauerant
790 2654 904 2705 (-unt
920 2653 958 2694 S
967 2657 982 2707 )
1001 2657 1031 2694 Σ
1050 2668 1059 2693 :
1087 2654 1347 2705 spoliaverat
1366 2653 1567 2706 Poggius,
1585 2667 1686 2696 corr.
1704 2653 1874 2714 Madvi5
1919 2640 1947 2745 χΙΙΙ

1645 2719 1662 2741 s
1930 2716 1939 2734 Ἢ

214 2753 265 2791 16
285 2751 335 2792 C.
355 2751 517 2791 Caesar
531 2749 627 2792 add.
648 2750 871 2790 Manutius
1007 2751 1056 2789 18
1084 2750 1198 2801 quod
1219 2752 1332 2796 (ante
1362 2749 1484 2800 Luc.)
1508 2754 1566 2792 Σε
1599 2752 1654 2791 ‘c.
1674 2751 1828 2801 quom’
1866 2750 1870 2758 ”
1943 2747 1946 2773 ²

215 2807 395 2856 19‚ideo
424 2804 512 2855 SP,
536 2818 622 2845 om.
644 2803 724 2845 M:
753 2805 795 2844 id
809 2805 946 2845 sorum
969 2804 1210 2844 Mommsen
1365 2804 1504 2844 iurare
1531 2808 1575 2855 Σ,
1605 2817 1705 2845 corr.
1735 2804 1838 2846 Bait
1869 2838 1873 2844 .
1942 2835 1944 2867 ‚

211 2873 267 2900 20
283 2873 393 2910 equa
407 2861 450 2899 in
467 2872 514 2899 re
530 2862 575 2911 Σ,
588 2871 686 2899 corr.
709 2858 915 2899 Lodoicus
1014 2858 1114 2898 hinc
1131 2857 1332 2898 'Racheler
1433 2870 1482 2897 21
1509 2870 1594 2909 quo
1605 2857 1699 2898 PM
1713 2873 1723 2899 ε
1751 2871 1850 2910 qua
1933 2870 1944 2937 i

1849 3050 1858 3057 .
1929 3008 1942 3071 ,ι

1919 3073 1933 3106 -3

210 2914 269 2954 S:
301 2919 404 2955 ante
424 2919 548 2965 quam
569 2912 651 2953 KS
758 2925 811 2952 22
851 2913 1083 2964 titulosque
1095 2912 1264 2965 scripu:
1293 2912 1528 2963 catulisque
1547 2910 1585 2953 S
1602 2927 1612 2952 :
1642 2925 1820 2965 causasq
1848 2936 1850 2942 .

210 2966 303 3016 PM
462 2980 597 3018 23-24
627 2968 838 3008 recusavit
857 2998 868 3009 .
893 2998 903 3009 .
924 2967 1213 3018 ..mancipavit
1233 2970 1276 3012 Σ,
1295 2980 1402 3006 corr.
1420 2965 1643 3008 Manutius

210 3034 295 3062 non
316 3036 399 3062 om.
421 3021 472 3061 5¹
580 3030 582 3032 ’
638 3033 690 3071 25
721 3021 873 3062 habeat
892 3020 974 3062 KS
990 3035 999 3061 :
1029 3009 1077 3064 {Tt
1096 3019 1208 3061 SM:
1238 3021 1363 3061 habet
1382 3019 1426 3060 P
1484 3019 1488 3023 ’
