1988 3334
333 120 408 167 IN
449 118 885 167 ORATIONEM
925 117 1002 165 IN
1040 117 1235 166 TOGA
1273 117 1607 166 CANDIDA
1749 118 1809 179 85

76 309 78 328 ι
205 260 327 308 Nec
367 267 634 308 senatum
683 256 949 322 respexit
992 273 1122 306 cum
1170 255 1546 321 gravissimis
1594 255 1812 307 vestris

64 342 78 395 3
111 334 396 390 'decretis
431 341 650 390 absens
686 347 932 389 notatus
969 347 1071 388 est.

74 403 77 419 Ι
205 421 420 473 Catilina
445 439 504 471 ex
533 429 762 487 praetura
789 420 1010 471 Africam
1036 419 1342 484 provinciam
1375 418 1592 469 obtinuit
1614 438 1622 468 z
1659 436 1810 483 quarn

103 541 106 547 -
136 521 251 554 cum
304 503 514 569 graviter
565 511 802 563 vexasset,
854 501 1002 568 legati
1057 501 1165 551 Afri
1222 501 1274 551 in
1334 511 1509 552 senatu
1557 501 1655 551 iam
1705 511 1811 551 tum

54 600 56 613 ²
135 584 342 635 absente
382 585 467 635 illo
515 583 678 649 questi
720 593 849 645 sunt,
895 585 1181 648 multaeque
1223 600 1394 648 graves
1437 582 1713 633 sententiae
1761 582 1812 631 in
1836 581 1903 640 76

54 658 62 739 3
137 677 311 718 senatu
348 670 413 718 de
449 685 510 718 eo
546 667 710 718 dictae
747 676 876 717 sunt.
912 712 961 758 ..3-
996 703 998 705 ·
1423 713 1430 726 ,

126 740 128 744 ’
205 751 272 800 In
325 749 573 801 iudiciis
632 758 856 814 quanta
911 748 998 799 vis
1052 758 1214 800 esset
1267 709 1489 821 didicit
1540 765 1668 798 cum
1725 757 1814 798 est

50 820 101 899 j]
134 831 481 882 absolutus:
525 832 572 880 si
596 840 696 880 aut
726 830 878 882 illud
912 826 1206 881 iudicium
1239 839 1340 880 aut
1369 829 1475 880 illa
1502 828 1812 881 absolutio

50 908 74 983 ‘¹5
103 954 106 956 v
135 913 503 964 nominanda
539 922 639 963 est.

67 990 70 1003 ’
203 999 337 1047 Ante
361 1013 550 1046 annum
570 1013 723 1061 quam
748 997 873 1047 haec
898 995 1182 1047 dicerentur
1209 995 1439 1056 Catilina,
1463 1013 1579 1046 curn
1604 994 1814 1046 redisset

56 1062 95 1130 ⁸3]
135 1096 194 1131 ex
241 1078 410 1130 Africa
457 1081 716 1144 Torquato
766 1087 815 1129 et
864 1080 1016 1130 Cotta
1063 1095 1207 1140 coss„
1251 1086 1513 1128 accusatus
1561 1086 1637 1128 est
1678 1094 1814 1142 repe-

55 1160 72 1231 33
134 1162 402 1211 tundarum
449 1178 480 1211 a
522 1164 575 1210 P.
628 1160 813 1213 Clodio
859 1162 1195 1221 adulescente,
1239 1160 1325 1225 qui
1367 1169 1542 1225 postea
1579 1158 1812 1209 inimicus

53 1239 70 1324 3'
92 1243 101 1318 J.
134 1243 391 1295 Ciceronis
427 1243 532 1293 fuit.
609 1245 860 1294 Defensus
886 1252 962 1294 est
991 1242 1221 1304 Catilina,
1259 1252 1314 1293 ut
1340 1244 1622 1293 Fenestella
1646 1241 1812 1320 tradit,

59 1345 71 1387 *.
98 1334 99 1338 ’
132 1343 162 1376 a
221 1329 294 1375 M.
357 1326 616 1379 Cicerone.
692 1327 847 1390 Quod
907 1343 1000 1391 ego
1058 1335 1114 1376 ut
1168 1325 1465 1394 addubitem
1526 1327 1675 1375 haec·
1704 1324 1812 1389 ipsa

44 1406 70 1452 5³
95 1440 103 1462 j
133 1407 400 1460 Ciceronis*
421 1408 580 1459 oratio
612 1407 742 1469 facit,
780 1407 995 1458 maxime
1028 1409 1167 1473 quod
1199 1407 1240 1457 is
1274 1410 1462 1458 nullam
1500 1406 1810 1458 mentionem

44 1475 46 1489 ἶ
133 1489 202 1540 rei
243 1490 410 1551 habet,
455 1507 571 1540 cum
613 1490 832 1555 potuerit
870 1490 1112 1541 invidiam
1149 1492 1311 1540 facere
1347 1489 1664 1555 competitori
1708 1499 1809 1539 tarn

133 1571 338 1638 turpiter
384 1574 622 1623 adversus
676 1590 730 1623 se
782 1572 1015 1623 coeunti:
1075 1572 1363 1638 praesertim
1424 1590 1539 1623 cum
1599 1575 1810 1623 alterum

133 1655 514 1720 competitorem
545 1673 693 1705 suum
729 1655 1011 1706 Antonium
1044 1655 1096 1704 in
1129 1657 1308 1706 eadem
1338 1657 1433 1706 hac
1463 1655 1689 1706 oratione
1722 1673 1812 1706 sua

131 1738 402 1788 admoneat
459 1755 550 1788 suo
599 1737 847 1788 beneficio
894 1755 1010 1788 eum
1059 1755 1119 1788 ex
1166 1737 1343 1788 ultimo
1392 1739 1505 1789 loco
1553 1747 1811 1834 praeturae

48 1804 69 1850 ’ἵ
90 1829 100 1844 ’·
132 1819 456 1870 candidatum
493 1822 558 1871 ad
595 1819 792 1882 tertium
831 1819 1719 1885 pervenisse.
1868 1819 1869 1822 ’

40 1958 49 1967 μ
201 1902 415 1953 Nescis
466 1919 553 1952 me
602 1912 941 1967 praetorem
990 1901 1242 1967 primum
1292 1920 1420 1952 esse
1468 1903 1706 1964 factum,
1756 1912 1811 1953 te

132 1984 520 2036 concessione
558 1985 1026 2050 competitorum
1061 1994 1117 2036 et
1150 1985 1484 2036 collatione
1522 1985 1814 2036 centuria-

38 2071 48 2115 *ss
91 2112 94 2114 .
131 2084 254 2117 rum
311 2076 368 2117 et
424 2084 553 2117 meo
611 2067 863 2117 maxime
919 2065 1227 2119 beneficio
1276 2086 1343 2118 ex
1399 2077 1703 2133 postremo
1754 2067 1807 2117 in

37 2142 47 2204 fi
131 2148 371 2199 tertium
408 2141 604 2200 locu'm
643 2166 772 2199 esse
809 2149 1188 2200 subiectum?

108 2299 110 2302 y
200 2230 303 2293 Qui
350 2230 496 2295 igitur
545 2230 770 2281 Antonio
819 2231 1222 2295 suffragationem
1271 2247 1412 2281 suam
1462 2230 1808 2295 imputandam

43 2295 101 2359 3·
130 2322 283 2378 putat,
324 2312 363 2362 is
405 2314 454 2362 si
494 2312 802 2364 defendisset
851 2313 1133 2375 Catilinam,
1180 2323 1330 2378 caput
1372 2313 1478 2363 eius
1526 2323 1807 2378 protectum

34 2410 65 2465 ᾗ,
129 2410 159 2444 a
190 2411 244 2444 se
276 2411 446 2444 nonne
483 2394 787 2460 imputaret?
857 2396 1012 2458 Quod
1048 2395 1116 2445 ita
1148 2412 1257 2445 esse
1294 2395 1613 2445 manifestum
1643 2405 1717 2446 est
1751 2415 1810 2447 ex

40 2471 67 2530 ἑῇ
98 2487 99 2490 ’
130 2491 191 2525 eo
221 2477 359 2540 quod
389 2475 556 2525 statim
591 2475 728 2526 dicit.
802 2477 867 2538 Q.
893 2475 1027 2526 enim
1063 2476 1264 2527 Mucius
1290 2485 1346 2526 tr.
1374 2479 1438 2542 pl.
1466 2476 1809 2528 intercedebat

39 2644 43 2656 ,
86 2639 88 2642 ,
188 2619 206 2644 1
238 2620 318 2647 nec
347 2606 586 2647 Patria‘ms
636 2620 690 2646 ne
725 2612 756 2648 Σ
953 2621 1000 2648 se
1025 2607 1080 2659 (si
1100 2608 1149 2659 S,
1174 2621 1220 2648 sc
1240 2608 1421 2659 P1)·1am
1444 2615 1531 2648 tum
1554 2609 1660 2661 (tam
1681 2609 1807 2664 P1M)

32 2657 63 2702 2',
93 2670 95 2675 ’
131 2665 176 2712 Σ,
197 2674 299 2702 corr.
321 2661 461 2702 Halm
575 2663 772 2712 despexit
792 2665 836 2713 Σ,
853 2675 953 2703 corr.
970 2662 1159 2715 Poggius
1297 2676 1323 2714 3
1344 2664 1617 2715 prouinciam
1633 2665 1809 2706 africam

85 2716 95 2751 Γ
131 2715 170 2756 S
359 2729 385 2766 4
416 2717 522 2769 iam]
544 2717 670 2757 etiam
691 2716 828 2756 Halm
1028 2729 1054 2768 5
1085 2719 1127 2757 in
1149 2724 1303 2758 senatu
1323 2719 1378 2758 de
1398 2732 1452 2760 eo
1472 2718 1588 2759 PM:
1618 2719 1672 2759 de
1693 2733 1746 2760 eo
1767 2721 1810 2761 in

32 2776 33 2780 ’
62 2815 63 2818 ¹
92 2818 93 2824 ἵ
131 2776 284 2810 senatu
305 2770 343 2811 S
492 2784 542 2822 13
572 2772 774 2812 Ciceroni
795 2773 838 2811 P
981 2785 1030 2822 14
1060 2773 1104 2812 in
1136 2787 1221 2824 mg.
1244 2773 1295 2813 Ρ.
1319 2787 1396 2814 scr.
1417 2790 1456 2816 π.
1502 2774 1651 2814 ‘.Nota
1679 2774 1811 2815 Cicero

131 2838 176 2864 m
207 2825 396 2877 quadam
427 2825 488 2866 ad
516 2826 703 2867 Atticum
746 2827 912 2878 epistola
943 2828 1080 2867 scribit
1107 2827 1156 2867 de
1188 2827 1390 2868 Catilinae
1419 2828 1646 2879 defens-tone
1677 2843 1810 2880 quam

61 2919 63 2930 ,
121 2879 258 2930 facere
273 2881 504 2944 cogzlabats
655 2894 704 2920 21
738 2887 781 2921 te
801 2882 1080 2922 concessione
1101 2881 1162 2922 S:
1193 2887 1332 2923 tecum
1354 2883 1550 2924 cessione
1570 2884 1638 2924 P:
1668 2890 1808 2924 tecum

30 2982 31 2988 ,
60 2935 63 2941 “
132 2937 413 2976 concessione
434 2935 488 2975 M
663 2949 716 2975 22
748 2936 963 2976 conlatine
986 2940 1027 2986 Σ,
1050 2950 1148 2978 corr.
1170 2937 1359 2990 Poggius
1542 2951 1595 2989 23
1624 2951 1679 2979 ex
1699 2939 1808 2979 KS·
1799 2969 1808 2978 .

30 2989 31 3000 ¹
84 3040 87 3043 .
133 2996 176 3028 et
196 2988 287 3028 SP¹
311 3003 321 3030 z
351 2997 393 3030 te
415 3003 440 3031 e
459 2991 650 3043 Poggius
670 3006 679 3031 :
709 2997 752 3030 te
782 2996 824 3030 et
845 2990 899 3029 M
1106 3003 1158 3042 25
1187 2991 1376 3033 Antonio
1396 3006 1480 3033 om.
1503 2992 1557 3032 P¹
1754 2996 1808 3032 26

134 3043 170 3084 is
191 3044 228 3084 si
247 3045 297 3096 θ’,
320 3045 379 3086 ed.
404 3045 506 3086 ΑΜ.
531 3060 541 3085 :
570 3047 607 3086 is
629 3049 659 3086 Σ
801 3058 851 3095 27
884 3051 998 3086 esset
1018 3049 1060 3098 Σ,
1085 3059 1184 3087 corr.
1208 3047 1434 3088 Manutius
