1988 3334
234 123 296 184 38
398 102 401 106 “
890 119 1236 184 Ascomvs

333 199 369 206 x

231 275 432 324 quoque
457 259 826 310 multitudinem
847 259 1107 325 instigavit.
1166 259 1407 325 Pompeio
1425 268 1593 311 autem
1612 270 1845 327 suspectu
1859 287 1898 310 a..

229 341 441 392 faciebat
467 341 728 403 Milonem,
749 343 814 392 ad
838 341 1108 407 perniciem
1129 341 1233 392 eius
1253 342 1650 407 compararivim
1669 342 1829 395 vocife
1861 368 1899 410 :4

228 432 337 474 tus:
387 424 756 489 Pompeiusque
793 424 860 475 ob
897 441 956 474 ea
991 424 1186 490 saepius
1229 425 1526 489 querebatur
1561 425 1656 476 sibi
1697 443 1883 493 quoqu
1962 452 1963 456 ¹

227 505 332 556 fieri
379 505 583 556 insidias
626 515 675 556 et
715 505 768 556 id
815 508 993 571 palam,
1038 523 1097 556 ac
1137 506 1322 557 maiore
1365 523 1516 557 manu
1559 524 1613 558 se
1659 509 1861 559 armaba
1879 522 1882 524 ·
1940 502 1942 507 ’

228 587 492 637 Dicturum
517 604 720 651 quoque
744 586 880 638 diem
899 587 1130 639 Ciceroni
1155 590 1369 638 Plancus
1389 590 1685 640 ostendebat
1708 598 1867 654 post·
1898 631 1899 634 η
1940 611 1964 623 ¹>

225 679 341 720 ante
367 671 428 733 Q.
459 669 728 733 Pompeius
761 669 896 719 idem
922 670 1189 720 meditatus
1214 679 1329 720 erat.
1403 673 1567 721 Tanta
1591 680 1759 722 tamen
1783 689 1880 722 con
1941 714 1964 745 .:

226 751 406 801 stantia
428 767 487 801 ac
513 753 637 801 fides
661 751 753 800 fuit
778 750 1035 802 Ciceronis
1059 761 1114 802 ut
1139 768 1240 802 non
1266 753 1438 817 populi
1456 770 1486 803 a
1505 770 1558 803 se
1581 753 1870 805 alienation
1895 796 1899 806 .
1962 762 1963 774 ¹

226 849 328 882 non
366 833 460 883 Cn.
499 832 725 897 Pompeii
767 832 1147 897 suspicionibuS,
1186 849 1290 884 non
1331 834 1551 898 periculo
1586 836 1806 885 futurum
1841 852 1895 886 u·

227 914 321 964 sibi
357 913 464 964 dies
499 915 566 964 ad
601 916 844 979 populum
882 914 1142 977 diceretur,
1175 932 1278 965 non
1314 916 1461 966 armis
1494 933 1622 981 quae
1650 919 1814 982 palam
1842 917 1860 967 i
1890 971 1894 976 ,

230 996 474 1046 Milonem
500 1005 699 1061 sumpta
723 1005 861 1046 erant
886 997 1118 1047 deterreri
1151 997 1366 1062 potuerit
1390 1015 1420 1048 a
1443 998 1734 1050 defensione
1758 999 1864 1050 eius
1898 1019 1901 1049 3

226 1095 341 1128 cum
380 1087 548 1142 posset
587 1095 737 1129 omne
775 1078 1051 1143 periculum
1091 1097 1237 1130 suum
1280 1090 1329 1131 et
1371 1080 1699 1131 offensionem
1737 1081 1894 1132 inimi-

224 1176 312 1210 cae
354 1159 684 1210 multitudinis
726 1160 988 1222 declinare‚
1033 1161 1276 1212 redimere
1322 1171 1489 1212 autem
1533 1164 1627 1214 Cn.
1668 1163 1875 1228 Pompei
1889 1190 1900 1212 «ε
1960 1224 1962 1232 Ι

222 1241 459 1302 animum,
487 1241 528 1291 si
553 1244 757 1306 paulum
782 1260 842 1293 ex
866 1242 1033 1293 studio
1057 1241 1361 1294 defensio—nis
1386 1244 1664 1295 remisisset.

291 1326 485 1374 Perlata
515 1323 701 1374 deinde
733 1326 840 1390 lege
875 1325 1098 1389 Pompei,
1125 1325 1176 1375 in
1212 1342 1311 1390 qua
1343 1326 1394 1376 id
1428 1343 1630 1391 quoque
1655 1328 1897 1393 scriptum

223 1414 326 1456 erat
349 1414 404 1455 ut
428 1405 679 1470 quaesitor
703 1405 933 1470 suffragio
958 1406 1130 1471 populi
1152 1424 1211 1457 ex
1243 1406 1302 1458 iis
1327 1407 1413 1472 qui
1438 1411 1667 1459 consules
1700 1411 1871 1460 fueran
1936 1405 1942 1410 ’

223 1496 480 1548 crearetur,
509 1487 674 1537 statim
699 1487 901 1538 comitia
925 1488 1108 1550 habita,
1137 1498 1428 1554 creatusque
1454 1499 1527 1540 est
1554 1493 1608 1542 L.
1639 1491 1893 1544 Domitius
1939 1550 1942 1557 Ι

222 1570 589 1620 Ahenobarbus
614 1570 874 1634 quaesitor.
949 1571 1135 1621 Album
1162 1588 1364 1636 quoque
1389 1571 1610 1622 iudicum
1636 1573 1721 1638 qui
1745 1576 1811 1625 de
1833 1591 1892 1627 ea
1934 1560 1945 1615 ἶ

223 1668 274 1702 re
307 1651 583 1702 iudicarent
611 1652 880 1717 Pompeius
915 1654 1011 1703 tale
1048 1654 1306 1718 proposuit
1339 1663 1394 1704 ut
1426 1671 1702 1720 numquam
1727 1673 1891 1721 neque

133 1748 199 1796 34
221 1733 449 1784 clariores
486 1733 614 1784 viros
650 1751 815 1799 neque
855 1735 1124 1786 sanctiores
1166 1735 1446 1800 propositos
1483 1753 1591 1787 esse
1627 1747 1899 1790 constaret.
1935 1769 1940 1781 ·

224 1817 343 1864 Post
379 1817 516 1879 quod
553 1815 718 1865 statim
755 1833 884 1866 nova
918 1818 1026 1880 lege
1065 1816 1191 1868 Milo
1227 1819 1503 1882 postulatus
1528 1825 1598 1867 est
1628 1836 1657 1869 a
1689 1821 1887 1872 duobus
1935 1805 1940 1825 ⁵

223 1896 398 1960 Appiis
419 1897 642 1948 Claudiis
661 1898 1062 1948 adulescentibus
1087 1898 1264 1950 iisdem
1283 1917 1313 1949 a
1331 1899 1512 1964 quibus
1537 1910 1683 1952 antea
1706 1903 1890 1962 familia

223 1977 327 2027 eius
352 1980 509 2029 fuerat
533 1981 781 2044 postulata
799 1998 812 2042 3
848 1979 1068 2046 itemque
1093 1982 1157 2031 de
1181 1981 1373 2031 ambitu
1402 1983 1466 2032 ab
1493 1982 1670 2033 iisdem
1695 1985 1888 2050 Appiis,v
1935 1976 1942 1983 ³

221 2068 268 2108 et
293 2069 544 2123 praeterea
567 2078 597 2110 a
622 2061 678 2112 C.
708 2061 856 2111 Ateio
889 2071 937 2112 et
964 2064 1018 2112 L.
1043 2062 1312 2114 Cornificio
1330 2081 1342 2125 ;
1379 2065 1442 2114 de
1468 2064 1715 2115 sodaliciis
1740 2067 1886 2117 etiam
1934 2063 1941 2120 ἶ

280 2201 297 2227 1
330 2189 410 2232 Cn.
435 2191 639 2242 Pompeio
660 2190 862 2231 Bacheler
1022 2204 1047 2231 2
1077 2193 1337 2244 comparavit
1358 2206 1454 2233 eum
1477 2198 1522 2245 Σ,
1545 2207 1645 2237 corr.
1667 2195 1850 2237 Manutir
1872 2217 1881 2231 -·

224 2258 248 2294 3
280 2245 371 2284 fieri
392 2245 470 2284 sibi
491 2258 657 2296 quoque
670 2245 712 2284 P
818 2258 842 2296 5
872 2246 1078 2287 dictorum
1099 2246 1207 2296 512¹,
1229 2261 1327 2289 corr.
1346 2248 1544 2300 Poggius,
1565 2248 1618 2287 M
1724 2257 1890 2304 postea,
1930 2294 1938 2302 Ι

222 2300 501 2351 antescripsi:
532 2306 684 2351 postea
698 2306 839 2340 autem
861 2305 892 2343 Σ
915 2302 980 2352 (cf
1000 2314 1033 2352 7.
1061 2315 1126 2353 22,
1143 2314 1209 2352 59.
1227 2303 1299 2356 21)
1320 2318 1329 2343 ε
1360 2307 1632 2354 posteaquam
1649 2304 1892 2347 Mommsen·
1929 2307 1943 2360 ξ

221 2356 249 2393 6
278 2354 494 2394 minitatus
515 2354 738 2395 Manutius
919 2357 945 2395 8
974 2356 1208 2407 periculum
1231 2360 1276 2407 Σ,
1296 2371 1395 2399 corr.
1417 2357 1605 2409 Poggius
1742 2366 1786 2400 ut
1808 2361 1886 2402 sibi
1930 2364 1948 2399 ἠ

222 2409 260 2448 ς’
275 2422 286 2446 :
315 2413 359 2447 ut
391 2409 427 2448 si
463 2412 522 2450 Σε
551 2410 587 2448 si
622 2409 680 2451 ed.
719 2410 847 2451 Ven.:
877 2410 912 2450 si
947 2411 1026 2450 sibi
1060 2410 1284 2452 Manutius
1457 2425 1485 2463 9
1514 2412 1676 2454 diceret
1708 2418 1751 2464 Σ,
1784 2428 1889 2458 corr.

222 2461 430 2503 Beraldus
599 2477 728 2503 10-11
761 2465 853 2504 eius
874 2496 883 2506 .
907 2497 916 2506 .
938 2497 948 2508 .
971 2466 1252 2506 offensionem
1272 2479 1354 2507 om.
1378 2465 1430 2504 M
1593 2479 1637 2507 11
1670 2468 1863 2510 inimicae
1934 2493 1940 2498 ·

221 2516 298 2556 sibi
318 2517 414 2558 add.
436 2516 475 2558 S
558 2531 605 2568 14
628 2519 831 2570 Pompeia
851 2519 933 2559 KS
1043 2531 1091 2571 15
1113 2526 1316 2571 quaestor
1335 2525 1381 2570 Σ,
1401 2534 1500 2561 corr.
1521 2521 1572 2571 ς’,
1587 2521 1646 2562 ed.
1661 2522 1760 2564 Ald.
1836 2536 1875 2563 1·
1930 2546 1948 2562 -,

222 2577 438 2611 crearetur
456 2572 518 2611 P:
551 2579 718 2613 creatur
736 2573 826 2613 SM
985 2574 1131 2615 habuit
1147 2578 1191 2621 Σ,
1211 2589 1311 2616 corr.
1335 2574 1455 2615 Cobet
1617 2582 1683 2617 est
1701 2578 1859 2618 Rinkes
1872 2592 1886 2607 ·
1953 2590 1956 2633 ς

222 2631 314 2665 erat
331 2632 362 2667 Σ
485 2640 537 2677 17
567 2628 863 2668 abenobarbus
876 2627 993 2682 (aen·
1009 2635 1212 2681 suprascr.
1231 2628 1279 2681 h)
1294 2629 1360 2669 P:
1390 2630 1650 2671 herobarbus
1673 2632 1786 2682 (ero-

221 2679 312 2720 SM
446 2681 587 2720 album
611 2682 753 2722 Cobet:
784 2682 963 2722 aliorum
986 2687 1016 2724 Σ
1161 2685 1209 2724 18
1237 2684 1323 2724 tale
1342 2682 1447 2735 512¹,
1472 2683 1618 2725 Cobet:
1648 2687 1758 2727 tales
1776 2686 1833 2727 Ρ2
1883 2698 1886 2703 ’
1923 2695 1945 2742 [4

223 2748 276 2773 20
305 2740 370 2773 est
387 2734 483 2776 add.
505 2735 682 2787 Madvig
791 2749 839 2775 21
871 2737 1019 2779 clodiis
1038 2741 1084 2789 Σ,
1104 2750 1203 2780 corr.
1224 2739 1274 2787 ς’,
1293 2737 1429 2778 Halm
1541 2739 1654 2779 idem
1674 2740 1712 2781 S
1831 2754 1891 2790 215
1936 2744 1947 2757 ’

222 2790 363 2838 itaque
399 2792 442 2840 Σ,
479 2802 576 2830 corr.
613 2790 839 2830 Manutius
1014 2804 1067 2842 23
1096 2792 1340 2844 praeterea]
1375 2793 1429 2833 de
1459 2793 1500 2832 vi
1534 2792 1630 2836 add.
1662 2795 1836 2837 Manuti
1882 2818 1888 2825 -
1938 2794 1941 2822 ἕ

220 2856 245 2882 a
265 2843 311 2883 C.
337 2842 466 2882 Ateio
485 2845 656 2896 scripsi:
687 2858 712 2884 a
734 2858 770 2887 c.
793 2846 930 2885 ceteio
961 2850 991 2888 Σ
1021 2847 1135 2895 (ante
1161 2860 1237 2887 ac.
1257 2846 1300 2886 P
1314 2847 1432 2887 habet
1461 2847 1515 2900 ab
1540 2848 1668 2902 appio
1700 2851 1783 2903 cei)
1806 2865 1816 2891 :
1865 2869 1890 2894 -·:
1933 2870 1940 2889 ρ

222 2897 268 2937 C.
292 2897 456 2948 Cetego
473 2899 523 2949 ς’,
540 2898 707 2948 Jordan
726 2914 734 2938 ε
763 2913 786 2939 a
809 2899 862 2949 Q.
882 2899 1072 2941 Patulcio
1093 2900 1310 2942 Hotoman
1334 2902 1399 2954 (ef.
1420 2913 1484 2952 54.
1506 2900 1580 2960 18)‘
1599 2900 1608 2909 ’
1636 2904 1758 2945 etiarn
1777 2904 1857 2946 KS
1872 2902 1893 2944 ,²
1936 2903 1941 2916 ²

221 2959 262 2990 et
286 2955 316 2992 Σ
