1988 3334
631 117 706 165 IN
747 115 1223 165 MILONIANAM
1700 131 1760 178 47

65 292 89 311 „
116 254 236 308 lodi
275 253 538 316 Damione,
578 263 632 304 ut
667 272 726 305 ex
754 254 895 304 Actis
927 253 1033 304 eius
1074 254 1202 303 anm‘
1230 252 1456 319 cognovi,
1495 252 1545 302 in
1582 253 1764 317 quibus

64 323 161 402 *fv
186 337 296 386 Kal.
325 338 458 401 Sept.
488 338 543 385 L.
571 335 764 387 Novius
788 335 1015 386 tribunus
1040 334 1215 400 plebiS,
1242 337 1433 400 collega
1457 334 1624 395 Clodi,
1649 352 1765 385 cum

86 462 89 482 ἶ
113 416 272 469 amio
296 418 559 467 adversum
594 419 654 466 L.
684 416 907 467 Flavium
943 425 1221 482 praetorem
1246 417 1515 482 appellaret
1540 415 1766 466 tribunos

161 498 345 550 tribuni
369 499 435 550 de
458 499 792 564 appellatione
812 507 1185 564 cognoscerent,
1207 498 1276 548 ita
1294 497 1593 549 sententiam
1613 497 1736 549 dixit
1756 518 1765 548 ε

61 584 89 646 f
141 589 162 631 t
194 581 248 631 si
276 582 345 630 ab
386 582 499 632 hoc
539 580 882 647 apparitore
922 583 974 630 P.
1016 580 1193 632 Clodi
1233 582 1580 630 vulneratus
1623 597 1762 642 sum,

79 679 87 706 ’ἐ
118 662 144 715 ἰ
189 661 535 714 hominibus
582 662 823 714 armatis
871 662 1192 728 praesidiis
1249 661 1569 727 dispositis
1620 679 1651 712 a
1706 679 1765 712 re

115 743 327 814 ‹ublica
379 753 642 796 remotus
691 746 791 797 Cn.
843 744 1165 810 Pompeius
1214 745 1612 808 obsessusque
1658 753 1760 804 est,

0 846 1 850 ¹
123 842 215 879 um
239 828 520 892 appeller,
549 843 665 877 non
690 836 820 877 utar
845 826 971 877 eius
1001 828 1271 891 exemplo
1296 843 1467 891 quem
1491 825 1764 891 vitupero

110 911 144 959 vt
167 907 455 959 iudicium
481 911 699 971 tollam,
728 918 778 960 et
802 909 991 974 reliqua
1015 911 1079 960 de
1104 908 1472 959 intercessione.

72 986 82 1029 λ’
107 990 116 997 ”
157 992 323 1040 Haec
370 990 520 1040 viam
559 991 810 1056 Appiam
854 1000 1300 1042 monumentum
1357 989 1617 1042 nominis
1673 989 1765 1040 sui

56 1089 230 1125 ece
267 1072 465 1137 Papiri
504 1073 855 1124 cruentavit.

76 1142 115 1230 i}
154 1154 422 1220 Pompeius
447 1165 561 1219 post
593 1155 900 1220 triumphum
928 1154 1326 1206 Mithridaticum
1352 1154 1579 1220 Tigranis
1606 1154 1764 1205 filium

78 1227 138 1310 ᾖ)
161 1237 347 1287 catenis
372 1239 670 1302 deposuerat
698 1239 835 1302 apud
861 1237 1087 1288 Flavium
1121 1247 1402 1288 senatorem
1424 1257 1433 1287 :
1470 1236 1557 1302 qui
1589 1246 1765 1302 postea

54 1289 57 1343 1
86 1311 199 1394 {um
225 1328 354 1370 esset
378 1329 574 1384 praetor
598 1321 780 1371 eodem
805 1336 940 1370 anno
965 1336 1068 1384 quo
1093 1319 1323 1369 tribunus
1348 1319 1509 1384 plebis
1537 1318 1760 1379 Clodius,
1786 1331 1855 1380 42

67 1406 82 1442 v:³
106 1397 109 1405 '
151 1399 231 1450 tiit
248 1401 314 1451 ab
338 1417 400 1452 eo
426 1401 635 1453 Clodius
661 1418 808 1466 super
832 1419 1010 1452 cenam
1040 1411 1094 1451 ut
1118 1401 1387 1466 Tigranem
1421 1400 1606 1452 adduci
1631 1400 1766 1451 iube-

53 1463 83 1547 ’ξ
140 1490 160 1531 t
181 1491 236 1531 ut
260 1500 376 1533 eum
400 1482 602 1534 videret.
676 1485 970 1534 Adductum
996 1483 1257 1534 collocavit
1290 1483 1342 1532 in
1375 1482 1618 1543 convivio,
1647 1482 1765 1533 dein

69 1555 83 1615 ἑὲ
146 1562 258 1613 avio
306 1581 409 1615 non
450 1564 669 1615 reddidit
707 1564 975 1630 Tigranem
993 1583 1007 1627 3
1059 1566 1269 1615 domum
1312 1564 1445 1614 misit
1493 1573 1543 1615 et
1590 1563 1766 1613 habuit

71 1632 83 1691 Ξ
147 1652 220 1694 tra
254 1654 456 1696 catenas
491 1663 586 1696 nec
621 1646 865 1710 repetenti
901 1646 1146 1711 Pompeio
1183 1645 1414 1697 reddidit.
1490 1649 1671 1696 Postea
1713 1645 1764 1694 in

52 1629 54 1683 l

50 1719 81 1775 ¹2.
153 1743 264 1777 vem
298 1727 544 1793 deposuit,
571 1737 621 1778 et
659 1745 775 1778 cum
808 1730 1088 1794 profugeret
1119 1728 1214 1789 ille,
1244 1736 1540 1793 tempestate
1572 1729 1766 1779 delatus

48 1896 52 1999 ἓ

48 2068 50 2090 ι

49 1824 78 1888 ζ
144 1817 164 1858 t
209 1809 433 1859 Antium.
522 1811 651 1861 Inde
699 1820 754 1860 ut
801 1812 1133 1862 deduceretur
1178 1812 1244 1861 ad
1286 1827 1353 1871 se,
1401 1809 1610 1862 Clodius
1653 1811 1762 1860 Sex.

70 1881 81 1938 ῙῙ
123 1890 340 1953 lodium,
366 1893 432 1942 de
456 1909 558 1956 quo
583 1909 730 1957 supra
754 1892 983 1954 diximus,
1011 1893 1154 1943 mes-it.
1229 1891 1466 1955 Quicum
1492 1892 1762 1951 reduceret,

48 2027 50 2047 ³
72 1965 81 2017 Ῐ
178 1972 284 2024 vius
299 1991 502 2039 quoque
521 1991 573 2025 re
588 1974 788 2039 cognita
805 1977 870 2026 ad
895 1974 1208 2040 eripiendum
1227 1974 1495 2039 Tigranem
1513 1975 1765 2038 profectus

73 2072 85 2098 ⁴.
143 2063 175 2104 t.
246 2057 330 2106 Ad
361 2065 594 2120 quartum
622 2056 841 2122 lapidem
872 2057 938 2107 ab
970 2057 1092 2107 urbe
1125 2073 1292 2122 pugna
1323 2058 1454 2106 facta
1482 2065 1556 2106 est
1589 2055 1641 2105 in
1666 2073 1765 2121 qua

47 2123 50 2219 J
76 2135 231 2269 -Eulti
267 2154 327 2187 ex
365 2146 573 2203 utraque
602 2147 741 2203 parte
776 2138 1083 2200 ceciderunt,
1107 2140 1271 2203 plures
1308 2146 1477 2188 tamen
1513 2155 1573 2188 ex
1610 2137 1762 2197 Flavi,

142 2225 214 2268 ter
237 2235 362 2284 quos
388 2228 437 2269 et
463 2222 534 2269 M.
564 2219 788 2285 Papirius
814 2237 967 2285 eques
994 2222 1271 2280 Romanm,
1294 2218 1604 2284 publicanus,
1627 2218 1764 2269 fami-

74 2271 218 2363 bns
243 2301 498 2366 Pompeio,
575 2302 772 2353 Flavius
797 2302 904 2353 sine
929 2302 1114 2353 comite
1141 2305 1359 2352 Romam
1385 2301 1464 2352 vix
1489 2301 1714 2367 perfugit.

69 2416 107 2478 Ξ
147 2442 165 2469 1
196 2431 295 2470 anni
329 2430 427 2473 add.
457 2430 627 2472 Baiter:
666 2433 870 2483 temporis
908 2431 1003 2474 add.
1039 2430 1267 2472 Manutius
1513 2445 1540 2483 3
1580 2432 1626 2473 L.
1662 2432 1759 2474 add.

74 2468 170 2549 {RS
318 2486 583 2538 appellarent
619 2486 858 2538 (-lauerunt
875 2485 952 2540 5¹)
976 2490 1019 2538 Σ,
1045 2499 1148 2526 corr.
1173 2486 1232 2527 ed.
1254 2486 1380 2527 Iunt.
1539 2498 1566 2538 5
1596 2489 1677 2527 etsi
1710 2489 1763 2527 ab

134 2539 198 2579 S:
237 2545 358 2580 etz:
398 2541 450 2580 ab
484 2541 663 2592 Pzglu'us
948 2541 1078 2581 clodii
1109 2539 1197 2581 P1:
1237 2541 1382 2582 clodio
1421 2540 1570 2582 SP²M
1738 2557 1759 2593 7

87 2599 277 2642 [emotus
308 2624 317 2634 .
339 2624 350 2635 .
373 2624 383 2634 .
417 2595 702 2646 obsessusque
733 2595 840 2636 KS:
870 2602 1060 2636 remotus
1090 2609 1183 2635 sum
1204 2625 1214 2635 .
1241 2626 1251 2636 .
1276 2626 1286 2636 .
1311 2596 1511 2637 obsessus
1537 2599 1568 2638 Σ
1711 2610 1761 2636 12

44 2691 46 2702 Ι
78 2645 416 2702 ῑξιίὓιήάειῒίοιιω
437 2663 532 2689 cum
555 2656 599 2702 Σ,
621 2663 722 2691 corr.
746 2651 938 2703 Poggius
1134 2663 1184 2701 13
1214 2651 1486 2701 disposuerat
1507 2654 1552 2700 Σ,
1574 2664 1674 2693 corr.
1698 2651 1757 2693 ed.

79 2702 105 2756 ’,ζ’
327 2704 374 2744 L.
398 2704 586 2745 Flavium
602 2704 685 2746 ΚΞ
706 2705 767 2758 (in
786 2704 1026 2757 Addendis)
1183 2705 1485 2756 imperatorem
1506 2705 1544 2746 S
1711 2719 1760 2758 15

81 2757 196 2809 *petit
215 2760 258 2809 Σ,
282 2771 380 2799 corr.
404 2760 443 2800 ⁶,-
553 2772 706 2800 canam
729 2762 850 2811 (caria
870 2760 931 2811 S)
950 2763 995 2808 Σ,
1018 2773 1116 2799 corr.
1134 2759 1323 2812 Poggius
1437 2763 1487 2800 16
1518 2761 1758 2802 conuiuium

44 2477 48 2530 l

42 2770 46 2856 i
77 2810 139 2860 (ᾧ,
158 2824 260 2853 corr.
283 2813 463 2865 Madvig
592 2827 638 2864 17
670 2815 795 2854 ssauio
816 2815 882 2853 P:
914 2814 1085 2854 ssauium
1107 2813 1195 2854 SM
1302 2815 1489 2855 reddidit
1507 2814 1562 2855 Pl
1582 2829 1592 2854 ε
1622 2816 1760 2856 reddit

42 2858 46 2916 1
79 2855 238 2915 §PM
298 2868 470 2909 domum
483 2869 597 2908 misit
611 2874 654 2908 et
666 2869 826 2922 scripsi:
858 2869 1018 2909 dimisit
1031 2875 1075 2908 et
1089 2872 1138 2910 Σ;
1167 2869 1282 2908 domi
1296 2883 1398 2909 suae
1412 2870 1612 2910 Bu'cheler
1710 2884 1724 2909 1
1734 2872 1760 2910 8

93 2919 317 2970 repetente
337 2922 532 2975 (repente
548 2922 606 2975 S)
625 2927 668 2974 Σ,
685 2937 784 2964 corr.
800 2922 861 2965 ed.
877 2923 918 2962 A
925 2923 982 2964 ld.
1060 2936 1114 2963 20
1132 2922 1308 2972 Antium
1322 2925 1564 2964 Hotoman:
1594 2930 1757 2965 tantum

87 2974 128 3016 ιΣ
218 2975 318 3017 inde
338 2976 510 3017 Baiter:
540 2977 613 3016 ille
635 2981 666 3018 Σ
777 2991 825 3018 21
860 2978 973 3017 misit
994 2977 1089 3017 add.
1109 2977 1332 3018 Hotoman
1423 2992 1515 3019 cum
1538 2979 1757 3019 Bu'clzeler:

45 3077 47 3090 Ι
94 3037 189 3076 sum
209 3033 240 3070 Σ
349 3043 402 3070 22
432 3032 720 3084 diripiendum
742 3037 787 3083 Σ,
809 3047 907 3073 corr.
932 3033 1133 3072 Bu'clzeler
1241 3045 1292 3083 25
1323 3033 1385 3086 et]
1409 3034 1536 3074 etiam
1557 3036 1658 3075 coni.
1681 3035 1762 3075 ΚΞ
