1988 3334
641 134 716 183 IN
757 132 1235 183 MILONIANAM
1693 147 1720 193 3
1728 144 1752 194 5

9 278 47 323 Ἃ
92 282 327 344 quartam,
373 281 547 323 senatu
591 270 756 331 miSSO,
802 285 917 320 cum
967 267 1117 319 servis
1165 267 1378 332 amplius
1418 281 1514 316 ccc
1561 266 1761 317 armatis

92 354 286 410 obviam
326 354 372 406 ei
414 351 733 406 contendisse
772 359 822 402 et
864 367 1012 416 supra
1061 349 1277 401 Bovillas
1320 347 1666 414 inopinantem
1710 350 1761 397 in

91 432 261 492 itinere
318 453 615 503 aggressum.
705 433 785 485 Ibi
844 435 898 483 P.
962 431 1199 484 Clodium
1259 431 1415 482 tribus
1475 430 1762 481 vulneribus

90 518 302 584 acceptis
347 517 562 568 Bovillas
599 518 873 581 perlatum3
916 515 1173 564 tabernam
1208 513 1258 562 in
1296 530 1446 578 quam
1485 513 1762 578 perfugerat

62 610 417 669 expugnatam
461 618 491 651 a
534 599 728 651 Milone
745 617 758 661 3
806 596 1151 648 semianimem
1201 596 1439 648 Clodium
1488 604 1761 646 extractum

93 702 129 741 ,1²
129 722 404 736 .......
437 684 488 733 in
521 682 600 733 via
635 681 802 747 Appia
837 680 1058 731 occisum
1090 697 1198 730 esse
1230 681 1538 744 anulumque
1574 677 1679 728 eius
1716 677 1761 728 ei

90 766 316 842 morienti
374 775 661 817 extractum.
754 763 953 814 Deinde
1014 762 1276 823 Milonem,
1333 778 1449 812 cum
1510 760 1656 811 sciret
1709 759 1760 810 in

0 914 5 923 .
84 834 284 918 leano
322 850 580 914 parvolum
623 845 781 896 filium
812 844 962 897 Clodi
998 862 1121 906 esse,
1159 844 1354 895 venisse
1390 845 1456 895 ad
1489 842 1657 893 villam
1693 851 1757 903 et,

88 927 201 985 &um
225 948 347 998 puer
369 939 486 981 ante
511 930 790 981 subtractus
821 937 963 989 esset,
994 945 1052 978 ex
1077 944 1219 978 servo
1246 926 1484 977 Halicore
1516 923 1762 991 quaestio-

52 1023 202 1083 (aem
235 1013 304 1063 ita
344 1012 578 1063 habuisse
615 1022 670 1063 ut
703 1029 818 1062 eum
853 1009 1152 1061 articulatim
1189 1018 1509 1070 consecaret3
1556 1007 1758 1058 vilicum

0 1159 5 1167 ι
52 1093 54 1140 Ι
86 1102 135 1149 et
170 1097 298 1147 duos
339 1104 593 1160 praeterea
631 1110 798 1144 servos
840 1092 1101 1159 iugulasse.
1177 1094 1254 1141 Ex
1290 1090 1441 1141 servis
1485 1089 1635 1154 Clodi
1671 1088 1758 1154 qui

51 1142 344 1248 'dominum
392 1178 719 1227 defenderant
765 1173 1003 1226 undecim
1051 1190 1159 1224 esse
1197 1172 1496 1233 interfectOS‚
1549 1169 1757 1220 Milonis
1782 1178 1837 1225 31

4 1276 7 1281 ’
85 1253 211 1323 dJ'uos
243 1260 375 1309 solos
411 1257 606 1309 saucios
641 1259 799 1307 factos
836 1272 974 1307 esse:
1012 1255 1078 1306 ob
1116 1272 1245 1320 quae
1283 1254 1531 1304 Milonem
1556 1261 1757 1318 postero

4 1359 7 1362 ·
51 1301 55 1432 l
86 1339 167 1407 die
190 1356 267 1391 ΧΠ
297 1357 463 1392 servos
499 1340 587 1405 qui
619 1338 833 1390 maxime
858 1354 1061 1404 operam
1095 1346 1360 1388 navassent
1385 1353 1537 1386 manu
1562 1334 1756 1385 misisse

68 1423 371 1494 'populoque
403 1421 629 1473 tributim
667 1421 860 1485 singula
885 1420 1021 1470 milia
1057 1419 1181 1470 aeris
1214 1420 1280 1469 ad
1310 1419 1659 1469 defendendos
1693 1419 1758 1468 de

0 1506 3 1513 '
84 1509 139 1562 ὼ
160 1522 380 1556 rumores
412 1504 624 1556 dedisse.
700 1503 829 1553 Milo
865 1502 1058 1554 misisse
1082 1504 1148 1553 ad
1174 1503 1266 1554 Cn.
1297 1500 1596 1565 Pompeium
1627 1499 1759 1550 dice-

80 1581 226 1652 batur
278 1587 364 1652 qui
418 1589 659 1652 Hypsaeo
707 1602 901 1636 summe
955 1585 1201 1645 studebat,
1253 1584 1392 1648 quod
1441 1584 1600 1633 fuerat
1654 1581 1758 1632 eius

4 1695 6 1700 ·
51 1697 55 1775 ἱ
86 1668 326 1738 quaestor,
354 1668 591 1720 desistere
624 1685 677 1718 se
709 1666 952 1732 petitione
985 1667 1288 1726 consulatuS,
1324 1664 1364 1715 si
1398 1664 1467 1714 ita
1502 1663 1548 1714 ei
1573 1663 1759 1714 videre-

51 1786 55 1847 ι
86 1749 164 1825 φτ
178 1769 192 1813 3
228 1750 498 1816 Pompeius
523 1751 841 1815 respondisse
874 1747 1063 1799 nemini
1089 1765 1141 1798 se
1167 1763 1332 1813 neque
1356 1745 1563 1811 petendi
1592 1762 1758 1810 neque

51 1831 356 1904 'desistendi
380 1843 637 1884 auctorem
662 1849 784 1893 esse,
813 1849 978 1896 neque
1012 1830 1187 1897 populi
1211 1829 1434 1880 Romani
1458 1837 1757 1895 potestatem

51 1906 55 1948 ⁸
85 1917 169 1970 &ut
213 1915 422 1967 consilio
469 1925 555 1966 aut
603 1914 850 1966 sententia
897 1914 1337 1978 interpellaturum.
1429 1911 1629 1962 Deinde
1665 1919 1763 1976 per

0 2064 2 2071 Ι
52 1948 55 2047 ἒ
87 1996 142 2070 C.
165 2000 426 2062 Lucilium,
448 2001 534 2066 qui
553 2009 754 2066 propter
780 2002 851 2049 M.
876 1998 1133 2052 Ciceronis
1159 1996 1542 2048 familiaritatem
1567 1994 1758 2046 amicus

0 2083 2 2087 ’
52 2064 55 2118 Ι
85 2075 184 2146 ἐπεὶ
209 2082 403 2144 Miloni,
431 2083 588 2148 egisse
612 2099 814 2148 quoque
838 2081 1097 2133 dicebatur
1129 2098 1193 2131 ne
1218 2098 1270 2131 se
1299 2081 1364 2131 de
1389 2081 1483 2129 hac
1508 2096 1559 2129 re
1583 2095 1759 2129 consu-

72 2155 233 2230 [nando
257 2164 443 2216 invidia
468 2174 707 2215 oneraret.

61 2251 76 2299 5⁴
101 2242 125 2301 Τ
153 2247 288 2298 Inter
311 2249 435 2298 haec
462 2264 579 2298 cum
611 2247 943 2298 crebresceret
973 2262 1140 2296 rumor
1167 2247 1257 2297 Cn.
1287 2245 1571 2309 Pompeium
1606 2243 1758 2294 creari

86 2302 376 2399 &ctatorem
401 2338 628 2394 oportere
653 2345 820 2393 neque
844 2327 985 2378 aliter
1015 2329 1145 2377 mala
1171 2325 1381 2377 civitatis
1407 2325 1568 2377 sedari
1593 2343 1755 2391 posse,

52 2462 55 2500 ἐ
110 2474 111 2478 ’
141 2472 167 2500 2
195 2459 373 2501 uobillas
392 2460 498 2501 SP:
527 2460 706 2501 bubillas
731 2459 783 2498 M
801 2459 876 2511 (ita
898 2461 1015 2512 mox)
1110 2459 1154 2498 in
1175 2457 1270 2499 add.
1295 2458 1519 2498 Manutius
1630 2470 1656 2508 3
1688 2457 1758 2497 ubi

89 2499 144 2556 »3¹
251 2526 276 2565 5
306 2521 544 2556 extractum
566 2545 782 2557 .......
809 2514 884 2565 (10
911 2513 985 2554 litt.
1017 2513 1073 2565 P)
1097 2517 1127 2554 Σ
1146 2527 1155 2553 :
1173 2513 1277 2565 fort.
1311 2514 1427 2553 iussu
1459 2512 1634 2552 Milonis
1662 2519 1758 2564 sup-

82 2559 280 2625 fiendum
457 2572 485 2609 6
514 2570 625 2623 eius]
648 2569 776 2609 etiam
795 2567 1014 2609 Eberhard
1186 2569 1213 2607 8
1241 2567 1463 2619 paruulum
1484 2566 1522 2606 S
1645 2580 1756 2618 esse,

90 2622 256 2664 'uenisse
288 2624 458 2665 Baiter:
488 2625 530 2664 in
564 2625 738 2664 uenisse
770 2622 861 2664 SM
875 2638 884 2663 :
929 2623 1103 2663 uenisse
1134 2622 1176 2661 P
1349 2636 1378 2673 9
1409 2622 1617 2662 Halicore
1651 2621 1759 2662 SP:

54 2705 56 2724 .
89 2669 261 2719 &licere
282 2677 332 2717 M
349 2693 359 2718 ι
389 2679 569 2730 Olipore
591 2679 832 2719 Mommsen
1030 2690 1080 2717 10
1111 2683 1390 2717 consecarent
1411 2680 1455 2728 Σ,
1480 2690 1582 2717 corr.
1599 2675 1758 2716 Manu-

52 2725 57 2826 ?
89 2730 171 2782 fias
368 2745 417 2772 12
445 2734 718 2774 defenderint
751 2736 794 2782 Σ,
831 2746 936 2773 corr.
969 2731 1051 2772 KS
1188 2732 1289 2772 milo
1325 2732 1415 2784 (-os
1448 2731 1538 2782 Ml)
1576 2736 1622 2781 Σ,
1655 2743 1752 2770 corr.

90 2791 120 2825 ι’·
242 2799 290 2837 14
321 2795 556 2829 nauassent
587 2789 656 2827 P:
686 2792 992 2841 nauantessent
1024 2786 1089 2826 S:
1119 2792 1368 2827 narrassent
1401 2785 1454 2824 M
1486 2786 1549 2836 (in
1573 2799 1658 2838 mg.
1685 2798 1758 2824 na-

53 2831 57 2877 l
89 2842 281 2895 nassent)
457 2844 508 2883 16
535 2843 684 2882 miloni
707 2842 828 2893 (milo
848 2842 915 2894 M)
939 2841 1070 2881 misse
1090 2844 1134 2888 Σ,
1153 2854 1251 2881 corr.
1276 2839 1468 2894 Poggius
1611 2853 1658 2890 17
1689 2839 1758 2890 qui

53 2881 57 2928 ἶ
88 2890 257 2941 Baiter:
285 2897 398 2948 quod
419 2900 449 2939 Σ
615 2897 754 2938 fuerat
773 2897 886 2949 eius]
909 2896 1109 2936 foraticus
1132 2902 1162 2936 Σ
1356 2909 1405 2947 19
1436 2895 1687 2946 Pompeium
1712 2897 1754 2944 Σ,

46 2934 58 3054 1
90 2958 187 2990 corr.
204 2949 284 2990 KS
385 2965 432 2990 21
467 2952 689 2992 consilium
709 2958 781 2992 aut
803 2950 1062 2991 sententiam
1084 2953 1130 3002 Σ,
1149 2963 1248 2991 corr.
1270 2951 1440 2991 Richter
1548 2962 1599 2999 25
1633 2950 1758 2988 Pom-

46 3024 50 3070 ἑ
90 3003 228 3053 peium
248 3003 342 3045 add,
363 3006 420 3046 ed.
448 3006 546 3046 Ven.
715 3010 768 3047 26
797 3019 936 3056 neque
957 3010 1155 3056 oportere
1178 3009 1220 3054 Σ,
1243 3018 1340 3045 corr.
1365 3004 1544 3057 Mudvegr
1600 3058 1649 3097 3*
