1988 3334
223 116 285 160 24
878 57 1239 150 ASCONIVs

1954 98 1959 198 Ι

923 278 1213 347 [STATIM

287 381 379 448 (2.)
413 384 498 432 Ac
557 399 751 447 neque
809 381 978 431 illius
1031 381 1231 434 Crassi
1284 383 1504 432 factum
1564 379 1892 446 superiori

219 463 410 514 isdem
458 463 786 514 honoribus
834 481 986 526 usus,
1038 463 1137 529 qui
1187 463 1550 514 fortissimus
1605 463 1664 512 in
1711 463 1892 513 belli·

219 545 443 606 fuisset,
471 547 569 596 M'.
609 545 888 611 Aquilius
923 545 1118 611 potuit
1153 544 1386 597 imitari.
1872 611 1874 614 y

289 629 435 677 Haec
465 627 616 677 verba
645 626 827 692 quibus
853 627 1030 679 Cicero
1065 644 1200 677 nunc
1235 626 1400 688 utitur,
1434 643 1499 677 ac
1534 643 1740 691 neque,
1779 643 1837 677 ea
1867 651 1875 671 ι

219 708 450 760 videntur
478 710 661 761 habere
697 718 923 760 naturam
956 719 1011 760 ut
1043 711 1197 761 semel
1229 709 1351 775 poni
1382 726 1486 759 non
1515 710 1740 770 soleant,
1775 725 1843 774 qu
1870 732 1893 751 ,ι
1958 723 1959 738 ¹

220 800 294 841 est
319 791 607 842 coniunctio
631 791 928 842 disiunctiva
959 801 1008 842 et
1040 808 1236 856 semper
1258 793 1476 856 postulat
1500 800 1555 841 ut
1586 807 1751 840 rursus
1774 790 1894 840 inf—s
1958 785 1959 833 ἶ

220 882 352 923 ratur
387 890 593 938 neque,
632 882 687 923 ut
722 889 837 924 cum
875 872 1087 924 dicimus
1125 889 1316 938 neque
1353 875 1463 924 hoc
1497 889 1690 938 neque
1724 872 1888 923 illu·v
1934 884 1939 933 ζ

221 956 340 1018 Quo
363 964 531 1006 autem
556 972 674 1006 casu
697 955 932 1007 acciderit
956 973 1116 1020 quave
1148 955 1338 1006 ratione
1366 963 1421 1005 ut
1453 957 1551 1005 hoc
1574 956 1688 1005 loco
1713 954 1879 1006 Cicer
1935 948 1938 1001 Ϊ
1958 1003 1960 1014 3

220 1038 318 1086 hoc
337 1038 490 1088 verbo
514 1036 582 1088 ita
605 1053 724 1087 usus
749 1037 825 1098 sit,
847 1036 1133 1102 praesertim
1154 1053 1269 1087 cum
1289 1035 1525 1087 adiecerit
1548 1036 1682 1086 illam
1701 1035 1876 1101 apposi
1958 1030 1959 1036 ¹

219 1117 424 1180 tionem,
463 1127 517 1168 ut
552 1135 655 1169 non
691 1118 910 1169 intulerit
943 1127 1119 1184 postea
1154 1120 1376 1180 alterum,
1417 1134 1581 1183 neque
1616 1116 1891 1182 perspicer

220 1199 361 1264 potui
386 1208 434 1249 et
458 1201 821 1250 attendendum
846 1216 955 1250 esse
973 1201 1117 1250 valde
1141 1209 1264 1265 puto
1288 1218 1298 1249 z
1334 1216 1537 1250 moveor
1561 1198 1694 1249 enim
1720 1198 1841 1249 meri
1871 1218 1893 1242 :3
1958 1234 1960 1266 i

220 1280 310 1330 viri
334 1280 639 1332 auctoritate.
679 1283 858 1346 Neque
877 1281 1050 1347 ignoro
1068 1281 1339 1346 aliquando
1359 1283 1456 1331 hoc
1474 1281 1681 1331 verbum
1700 1297 1854 1345 nequ
1871 1303 1885 1324 ι
1934 1309 1960 1345 ,3

221 1364 298 1413 vel
324 1364 477 1412 semel
501 1362 635 1427 poni,
663 1371 718 1413 ut
742 1363 794 1412 in
826 1364 1002 1415 eadem
1039 1365 1133 1415 hac
1170 1363 1392 1413 oratione
1426 1371 1542 1413 ante
1574 1362 1681 1427 ipse
1715 1362 1897 1426 Cicer-4
1936 1354 1960 1420 ξ

221 1443 417 1508 posuit:
444 1443 549 1505 Sic,
572 1443 826 1509 inquam,
849 1461 922 1506 se,
945 1444 1193 1507 iudiceS,
1211 1461 1301 1495 res
1320 1445 1530 1506 habet3
1562 1461 1754 1509 neque
1777 1445 1892 1494 hos..
1934 1459 1960 1498 L

221 1541 251 1574 a
276 1541 363 1575 me
387 1541 603 1576 novum
637 1525 976 1591 disputatur
1009 1527 1112 1576 sed
1148 1525 1486 1590 quaesitum
1518 1526 1591 1576 ab
1622 1525 1759 1575 aliis
1785 1534 1893 1577 est.
1933 1514 1943 1568 ἶ

222 1607 323 1656 Sed
354 1607 452 1656 hoc
476 1608 590 1656 loco
614 1615 663 1656 et
696 1606 802 1657 sine
827 1607 1193 1672 praepositione
1217 1607 1346 1657 illius
1371 1606 1507 1658 verbi
1532 1607 1759 1658 videmus
1783 1623 1893 1658 ess
1935 1591 1943 1609 ³

221 1686 454 1752 positum,
494 1697 542 1737 et
579 1697 745 1738 tamen
788 1688 929 1752 quasi
966 1690 1241 1739 secundum
1281 1688 1470 1753 aliquid
1507 1688 1685 1738 inferri.
1758 1690 1838 1739 Na
1890 1680 1891 1684 ¹

159 1776 163 1780 ’
222 1786 338 1819 cum
375 1769 550 1819 dixerit
587 1786 778 1834 neque
815 1771 925 1819 hoc
949 1787 978 1819 a
1004 1787 1091 1820 me
1116 1787 1332 1821 novum
1366 1769 1719 1834 disputatur,
1748 1769 1846 1820 infe
1888 1776 1892 1819 ζ

223 1853 324 1901 sed
351 1851 687 1916 quaesitum
714 1852 785 1901 ab
810 1851 943 1901 aliis
969 1851 1095 1920 est.]

1871 156 1877 162 ’

1927 390 1958 472 3

1929 483 1950 517 ι’

1871 544 1942 576 ,8

1935 579 1942 611 1

1933 625 1959 675 Η

843 2042 1073 2116 PAVLo
1111 2066 1283 2116 PosT

132 2190 197 2226 22
289 2175 380 2242 (2.)
406 2174 564 2238 Quid
584 2191 719 2224 vero
738 2177 988 2225 alterum
1006 2176 1280 2227 Crassum
1306 2174 1674 2240 temporibus
1699 2175 1888 2227 isdem

220 2272 424 2305 —num
448 2266 547 2306 aut
581 2256 898 2306 clarissimi
934 2256 1043 2307 viri
1081 2256 1220 2307 Iulii
1257 2265 1355 2306 aut
1389 2273 1616 2306 summo
1649 2257 1894 2322 ingeni
1931 2300 1940 2324 :

221 2337 530 2401 praeditus
557 2339 628 2386 M.
654 2338 955 2388 Antonius
980 2337 1176 2403 potuit
1201 2336 1457 2388 imitari?
1932 2328 1934 2334 ¹

280 2480 387 2507 1-20
415 2467 596 2507 Asconio
626 2466 874 2507 abiudicavit
901 2467 1077 2520 Madvig
1285 2481 1310 2508 2
1339 2480 1390 2508 ac
1426 2480 1566 2520 neque
1597 2467 1729 2522 illius]
1761 2475 1891 2521 atqu
1935 2462 1959 2506 vs

221 2522 337 2561 illius
357 2535 431 2562 scr.
452 2522 654 2574 Poggms,
677 2535 809 2561 moxz
839 2535 882 2561 se
899 2482 1077 2562 delem'gt
1148 2522 1304 2562 factum
1330 2534 1470 2573 neque
1498 2527 1539 2573 Σ,
1569 2536 1667 2563 corr.
1702 2523 1892 2576 Poggtu
1940 2531 1958 2572 χ

221 2578 265 2616 in
286 2589 371 2628 mg.
395 2576 437 2615 P
599 2590 624 2626 4
656 2576 778 2618 M’.a
809 2575 851 2617 d.
873 2576 1098 2617 Manuttus
1271 2589 1296 2626 5
1335 2589 1426 2616 eam
1446 2577 1647 2629 Poggius,
1667 2576 1746 2618 M:
1775 2579 1844 2618 eni
1932 2570 1958 2629 i,

222 2629 301 2669 SP
302 2630 313 2654 ¹
336 2636 438 2682 (¹391)
456 2630 499 2668 P
517 2632 622 2682 mg.)
726 2639 733 2646 ’
790 2632 817 2670 6
845 2631 969 2671 simul
991 2635 1035 2681 Σ,
1055 2645 1154 2671 corr.
1175 2630 1360 2682 Poggius
1526 2644 1548 2682 7
1578 2638 1622 2672 ut
1652 2644 1821 2683 semper

221 2697 323 2726 corr.
348 2684 573 2723 Manutius
702 2685 855 2725 inserat
875 2684 913 2724 S
1094 2687 1120 2725 8
1149 2690 1192 2725 et
1212 2698 1348 2736 neque
1369 2698 1462 2725 cum
1484 2686 1663 2726 dicimus
1683 2691 1727 2726 ut
1748 2700 1891 2739 nequ*>
1931 2692 1940 2708 >

225 2740 304 2778 hoc
328 2743 375 2787 Σ,
396 2752 497 2778 corr.
519 2736 726 2779 Lodoicus
899 2752 1010 2791 9-10
1039 2752 1208 2791 quave.
1268 2739 1506 2780 ,adiecerit
1526 2753 1609 2782 om.
1631 2739 1669 2780 S
1836 2754 1890 2780 1·
1956 2735 1957 2768 ἶ

224 2795 281 2833 ita
302 2805 404 2833 usus
422 2791 624 2845 Poggius,
649 2793 724 2834 M:
753 2809 773 2834 s
792 2806 894 2833 usus
913 2794 967 2833 Ρ1
1123 2806 1167 2834 11
1201 2800 1246 2833 ut
1267 2806 1353 2833 non
1373 2792 1486 2834 KS:
1514 2800 1557 2834 ut
1579 2805 1733 2836 nomen
1757 2800 1815 2837 Σι
1881 2821 1884 2825 -
1956 2826 1957 2830 ,

225 2859 379 2887 nomen
400 2845 622 2887 Manutzus
804 2861 852 2899 17
882 2854 928 2888 ut
949 2849 1044 2888 sine
1064 2851 1108 2900 Σ,
1132 2861 1230 2889 corr.
1251 2845 1479 2888 Manutius
1600 2849 1818 2890 uideamus
1838 2853 1883 2896 Σ.
1946 2848 1957 2892 {³

223 2915 322 2942 corr.
345 2900 568 2941 Manutius
808 2903 857 2942 18
885 2903 1005 2953 quasi
1024 2877 1249 2942 Ba'cheler.
1277 2915 1361 2966 quo
1381 2903 1434 2942 sit
1457 2906 1515 2944 Σ.
1544 2910 1641 2954 post
1661 2898 1894 2945 Manutius

223 2968 275 3005 23
307 2968 401 2995 nam
425 2960 468 3007 Σ,
493 2968 592 2997 corr.
614 2955 672 2998 ed.
697 2955 798 2997 Ald.
912 2956 1086 3007 ingenio
1106 2960 1164 2998 Σ.
1195 2957 1372 3008 imperio
1396 2956 1474 2999 Cic.
