1988 3334
115 654 184 714 48
205 659 371 710 triduo
381 660 626 711 Milonem
644 699 837 710 .......
877 662 978 711 Sed
994 659 1200 711 Milonis
1210 676 1412 726 quoque
1426 668 1599 711 notam
1613 658 1807 710 audaci
1836 685 1874 706 u.

206 129 270 179 54
870 114 1217 167 Ascomvs

329 195 375 205 K.

203 254 321 302 nam
345 261 395 302 et
420 252 549 303 bene
573 268 689 302 cum
713 269 766 303 re
787 252 990 317 publica
1011 261 1180 302 actum
1204 267 1313 302 esse
1337 259 1496 302 morte
1520 253 1575 300 P.
1596 249 1747 303 Clodi
1769 267 1869 301 nm·

204 332 598 384 dissimulaverat
621 343 671 384 et
695 334 929 384 studebat
959 333 1011 383 in
1040 333 1281 398 petitione
1305 334 1592 384 consulatus
1618 330 1801 382 Miloni
1822 349 1852 383 e
1867 345 1874 403 ᾗ

203 432 290 465 reo
311 416 550 466 adfuerat.
611 417 662 467 N
665 415 970 467 ominaverat
993 432 1196 480 quoque
1219 432 1336 465 eum
1361 414 1540 467 Cicero
1561 422 1822 480 praesente
1835 439 1859 459 ιι

203 505 255 546 et
277 505 484 547 testatus
509 506 614 548 erat
636 496 838 548 audisse
861 514 977 547 eum
1000 514 1032 546 a
1051 499 1125 547 M.
1144 495 1366 547 Favonio
1380 505 1497 547 ante
1514 495 1650 546 diem
1674 495 1820 547 tertiu
1834 520 1871 540 o·-

205 594 357 643 quam
388 580 519 629 facta
542 579 722 630 caedes
754 588 870 641 erat,
899 578 1137 631 Clodium
1169 578 1351 629 dixisse
1382 577 1655 643 periturum
1679 595 1788 629 esse
1821 603 1875 622 ιι,

205 741 433 792 removeri
466 759 498 792 a
531 759 584 792 re
618 744 808 807 publica
843 742 963 793 utile
997 742 1159 792 visum
1194 751 1282 793 est.
1369 740 1504 792 Scire
1539 751 1699 791 tamen
1734 759 1789 792 n
1856 775 1861 784 ι

205 840 445 888 umquam
469 823 632 889 potuit
663 833 826 873 utram
858 823 1156 874 sententiam
1182 824 1378 873 tulisset.
1453 825 1762 874 Damnatum
1792 840 1824 874 a

205 914 306 954 tem
342 922 494 970 opera
528 904 742 955 maxime
778 904 914 970 Appi
950 905 1132 956 Claudi
1172 903 1548 970 pronuntiatum
1583 913 1671 954 est.
1746 906 1893 955 11on

205 996 404 1051 postero
428 986 511 1038 die
534 989 693 1037 factus
725 1004 837 1037 reus
868 986 1085 1037 ambitus
1116 988 1252 1052 apud
1285 985 1534 1036 Manlium
1562 988 1822 1051 Torquatu
1835 1013 1875 1032 n.

203 1069 386 1119 absens
410 1070 675 1120 damnatus
699 1077 787 1119 est.
862 1070 956 1119 Illa
986 1086 1189 1134 quoque
1221 1070 1329 1133 lege
1360 1076 1619 1119 accusator
1648 1067 1741 1118 fuit
1769 1067 1837 1119 ei·
1858 1093 1863 1110 s

205 1149 400 1214 Appius
425 1150 680 1212 ClaudiuS‚
708 1160 758 1201 et
780 1167 896 1200 cum
921 1150 966 1201 ei
995 1150 1272 1216 praemium
1303 1152 1412 1215 lege
1440 1151 1652 1211 daretur,
1679 1149 1871 1216 negavi

205 1249 259 1282 se
283 1249 344 1282 eo
369 1232 454 1282 uti.
528 1231 935 1298 subscripserunt
959 1231 1004 1283 ei
1028 1234 1082 1282 in
1106 1231 1323 1282 ambitus
1351 1231 1539 1282 iudicio
1569 1234 1622 1282 P.
1649 1231 1816 1282 Valeri
1859 1256 1875 1282 ·,

207 1317 313 1365 Leo
337 1324 386 1365 et
411 1316 504 1366 Cn.
535 1314 788 1365 Domitius
813 1316 905 1367 Cn.
933 1316 965 1364 f.
1028 1317 1148 1365 Post
1176 1331 1363 1380 paucos
1387 1314 1494 1365 dies
1519 1331 1722 1380 quoque
1747 1313 1842 1365 Mil
1864 1368 1867 1369 ι

204 1398 339 1460 apud
367 1397 440 1445 M.
469 1395 743 1446 Favonium
777 1395 1107 1460 quaesitorem
1133 1397 1197 1447 de
1222 1395 1471 1448 sodaliciis
1503 1397 1769 1446 damnatus
1800 1411 1877 1447 aa.

204 1488 470 1528 accusante
496 1481 548 1528 P.
573 1478 749 1530 Fulvio
774 1481 975 1541 Nerat0,
997 1479 1077 1530 cui
1101 1497 1129 1530 e
1154 1481 1261 1544 lege
1285 1478 1561 1544 praemium
1586 1480 1759 1529 datum
1784 1487 1873 1530 est.

208 1559 406 1610 Deinde
429 1561 565 1624 apud
592 1561 646 1609 L.
676 1559 886 1610 Fabium
911 1560 1241 1625 quaesitorem
1267 1560 1445 1610 iterum
1469 1560 1650 1611 absens
1675 1562 1871 1618 damna,
1958 1556 1960 1566 ’

206 1651 285 1691 tus
326 1651 400 1692 est
441 1643 506 1692 de
547 1641 624 1691 vi:
682 1642 933 1692 accusavit
975 1645 1030 1692 L.
1071 1642 1370 1694 Cornificius
1411 1652 1461 1692 et
1503 1645 1566 1706 Q.
1606 1630 1874 1694 Patulcius
1958 1635 1960 1638 ¹

208 1723 335 1774 Milo
359 1723 410 1772 in
430 1722 655 1774 exsilium
691 1723 967 1774 Massiliam
993 1724 1120 1774 intra
1143 1724 1469 1789 paucissimos
1493 1724 1601 1775 dies
1625 1726 1875 1789 profectu,¹

204 1814 292 1854 est.
366 1807 509 1855 Bona
532 1803 639 1854 eius
663 1814 862 1870 propter
880 1805 1004 1855 aeris
1028 1806 1176 1855 alieni
1202 1805 1595 1871 magnitudinem
1620 1823 1797 1857 semun
1808 1805 1877 1851 u⁸=r
1958 1841 1960 1874 3

203 1885 475 1936 venierunt.
1880 1879 1882 1882 ,

275 1971 394 2019 Post
421 1969 665 2019 Milonem
691 1971 868 2020 eadem
893 1971 1001 2035 lege
1027 1971 1267 2036 Pompeia
1290 1971 1477 2036 primus
1509 1981 1584 2022 est
1615 1980 1816 2022 accusat
1858 1996 1865 2000 κ

266 2115 283 2140 1
307 2108 487 2142 mortem
509 2104 555 2152 Σ,
574 2115 677 2142 corr.
697 2101 904 2142 Beraldus
1079 2115 1104 2141 2
1133 2102 1470 2143 dissimulauerit
1490 2107 1537 2154 Σ,
1557 2117 1658 2145 corr.
1681 2103 1742 2145 ed.
1760 2103 1816 2144 Iu
1843 2095 1870 2133 ’ὲ

205 2169 233 2207 3
263 2169 359 2197 eum
379 2156 454 2196 del.
477 2155 539 2197 ed.
565 2155 661 2196 Ven.
858 2170 885 2206 4
914 2157 1089 2197 fauonio
1111 2157 1179 2197 P.
1208 2157 1376 2198 fabonio
1394 2157 1486 2198 SM
1618 2159 1792 2199 tertium
1839 2184 1842 2189 ι

208 2211 355 2252 lunt:
385 2211 429 2249 iii
451 2216 482 2250 Σ
647 2223 672 2261 5
702 2211 856 2251 caedes
877 2211 989 2251 facta
1008 2211 1052 2250 P
1201 2214 1229 2252 6
1257 2212 1459 2253 milonem
1481 2242 1740 2255 ........
1762 2211 1859 2258 SM

208 2266 410 2306 milonem
439 2265 525 2305 P
668 2266 890 2306 audaciam
908 2294 1168 2307 ........
1193 2266 1339 2307 ueriar
1366 2280 1422 2318 ep
1452 2266 1529 2319 (cp
1558 2267 1630 2321 Μ)
1654 2297 1804 2310 .....
1828 2268 1846 2320 (

206 2319 283 2360 Iett.
305 2319 379 2371 M)
402 2323 464 2360 2:
493 2318 629 2372 suppl.
652 2319 800 2360 Baxter
944 2333 967 2371 7
998 2322 1160 2361 sciret.
1254 2324 1334 2373 .7(
1354 2322 1433 2362 litt.
1454 2321 1568 2374 PM)
1590 2335 1646 2362 ne
1666 2327 1710 2374 Σ,
1732 2336 1831 2363 ειιι

207 2373 310 2414 Rau
452 2375 479 2414 8
507 2375 766 2414 sententiam
787 2403 1010 2416 .......
1035 2376 1081 2427 (4
1101 2375 1178 2416 latt.
1185 2350 1265 2425 1⁹³,
1273 2389 1301 2428 9
1319 2374 1397 2427 M)
1418 2379 1481 2417 Σε
1508 2377 1646 2429 suppl.
1669 2375 1823 2417 Lod·
1857 2375 1860 2378 ’

207 2443 235 2480 9
262 2429 446 2469 maxima
466 2432 511 2479 Σ,
534 2441 632 2468 oorr.
656 2428 716 2470 ed.
736 2428 842 2470 Ald.
931 2431 1084 2481 appius
1103 2429 1209 2481 512¹,
1233 2442 1332 2471 corr.
1355 2429 1557 2484 Poggius,
1582 2431 1635 2470 M
1722 2432 1831 2472 clau·
1854 2436 1860 2445 ’

207 2512 219 2522 .
278 2481 778 2524 ..P:c.M:....S
891 2459 1267 2536 rosactusest’P·
1287 2484 1623 2526 factus...M·
1613 2514 1795 2526 ......
1809 2482 1849 2526 S

208 2551 317 2577 nova
337 2538 433 2588 lege
452 2538 588 2577 sactus
607 2536 847 2578 Mommsen
1023 2539 1224 2578 manlium
1245 2539 1321 2579 M:
1351 2539 1536 2579 mallium
1554 2538 1634 2580 SP
1820 2552 1857 2579 1·

208 2605 262 2633 eo
280 2605 329 2632 se
349 2593 410 2632 uti
430 2590 633 2644 Madvig:
662 2605 736 2632 reo
756 2593 815 2632 ita
835 2595 868 2633 Σ
977 2594 1017 2633 ei
1037 2593 1227 2633 Richter:
1256 2599 1302 2633 et
1319 2597 1351 2635 Σ
1461 2595 1505 2633 in
1525 2593 1622 2634 add.
1649 2591 1789 2635 Manu
1816 2594 1826 2604 ”

209 2646 364 2687 iudicia
385 2649 429 2692 Σ.
448 2659 548 2686 corr.
572 2645 798 2687 Manutius
924 2660 973 2698 14
1002 2647 1050 2688 C.
1075 2647 1102 2688 f.
1127 2647 1213 2699 (of
1225 2646 1279 2699 S)
1298 2651 1343 2698 Σ,
1366 2661 1465 2689 corr.
1488 2647 1712 2689 Manutius
1821 2660 1857 2690 1

210 2701 267 2741 M.
290 2699 329 2741 S
346 2715 357 2740 ε
385 2713 469 2742 om.
492 2700 587 2740 PM
691 2702 909 2742 fauonium
928 2702 995 2742 P:
1023 2701 1240 2742 sabonium
1259 2700 1349 2742 SM
1455 2708 1725 2754 quaestorem
1746 2706 1791 2755 Σ,
1821 2702 1832 2712 “

211 2769 312 2795 mox
344 2755 462 2809 (bis),
494 2768 593 2796 corr.
628 2755 710 2796 KS
891 2759 943 2796 16
972 2756 1020 2797 P.
1051 2757 1191 2797 clodio
1221 2763 1371 2798 nerato
1403 2769 1478 2797 reo
1509 2756 1603 2797 PM
1617 2772 1627 2798 :
1656 2757 1867 2809 pdodion„
1927 2791 1930 2795 ⁴

210 2853 317 2892 ratio
338 2865 411 2892 reo
431 2850 481 2901 S,
502 2865 602 2893 corr.
625 2851 845 2893 Hotoman
982 2867 1007 2894 e
1026 2853 1086 2895 S:
1115 2866 1198 2893 om.
1222 2853 1312 2893 PM
1473 2866 1528 2894 πο
1555 2831 1683 2894 alieni
1702 2813 1815 2895 geris
1847 2859 1862 2889 ⁴¹
1921 2890 1927 2901 ,

208 2907 430 2946 semuncia
450 2907 519 2958 (ex
536 2905 614 2959 ἀεῖ)
633 2906 699 2947 S:
735 2907 968 2948 semiuncia
988 2906 1081 2947 PM
1285 2920 1338 2948 22
1368 2909 1579 2960 pompeiia
1614 2909 1678 2960 (·ii
1708 2921 1735 2949 a
1763 2908 1816 2958 P,

210 2974 236 3000 a
255 2959 332 3013 Μ)
364 2964 409 3010 Σ,
438 2972 540 3001 corr.
564 2959 786 3002 Manutius
