1988 3334
223 119 242 150 1
255 118 278 150 2
880 104 1109 155 ASCON
1116 105 1225 154 IVS

321 200 358 208 —x

283 239 501 290 Confido
537 256 624 291 vos
659 239 942 305 intellegere
979 243 1036 291 L.
1076 243 1286 291 Paulum
1325 242 1460 291 hunc
1501 239 1762 306 significari
1801 257 1891 305 quz·
1932 263 1933 266 ¹

215 317 306 368 fuit
341 328 479 382 pater
516 320 749 371 naturalis
785 321 1005 372 Africani
1041 321 1337 387 posterioriS,
1376 323 1442 373 de
1485 320 1885 386 Macedoniaquz·
1931 337 1953 380 ,·

146 415 194 451 11
215 398 446 450 ultimum
493 410 542 452 et
581 404 729 452 Perse
770 419 883 467 rege
920 402 1252 468 triumphavit.
1328 402 1682 454 Macedoniam
1720 411 1834 454 aute
1865 427 1887 456 ur

217 481 333 532 Piso
352 482 403 531 in
423 499 573 548 quem
593 485 716 534 haec
735 484 892 535 oratio
910 493 985 535 est
1003 484 1220 535 obtinuit
1240 503 1254 548 3
1290 493 1490 550 propter
1513 486 1651 550 quod
1677 487 1834 535 Paulu
1864 508 1891 537 «2,
1931 493 1936 501 ·

217 582 332 614 eum
378 568 608 631 appellat,
652 566 860 619 irridens
908 585 1023 618 eum
1065 570 1202 632 quod
1250 567 1320 618 ibi
1368 585 1471 618 rem
1510 585 1614 619 non
1655 584 1881 633 prosper
1931 564 1953 613 ξ’

214 646 376 711 gessit.

823 782 959 831 CIR.
1003 782 1302 830 MEDIVM

286 888 332 955 (ξ
356 888 461 955 44.)
495 891 573 940 M.
620 892 943 941 Marcellus
986 891 1085 956 qui
1126 901 1212 942 ter
1253 893 1463 942 consul
1506 890 1619 941 fuit
1666 908 1887 941 summ
1952 875 1954 908 ᾖ

217 970 449 1032 virtute,
488 970 726 1037 pietate,
753 971 942 1037 gloria
978 972 1238 1034 militari,
1266 971 1444 1038 periit
1479 972 1538 1022 in
1574 971 1751 1022 mari:
1788 987 1887 1036 qu
1953 1008 1955 1014 ,

217 1062 413 1104 tamen
449 1055 524 1106 ob
553 1054 823 1106 virtutem
859 1058 918 1107 in
953 1057 1142 1122 gloria
1178 1066 1233 1107 et
1268 1058 1444 1108 laude
1479 1056 1637 1108 vivit.

286 1138 513 1188 Fortasse
549 1137 794 1202 quaeratis
831 1155 981 1203 quem
1017 1138 1151 1190 dicat
1188 1141 1497 1190 Marcellum.
1572 1138 1684 1188 Fuit
1721 1147 1837 1190 aute
1868 1163 1876 1184 ι
1953 1193 1955 1214 Ι

218 1235 374 1283 nepos
402 1221 473 1268 M.
503 1219 728 1270 Marcelli
752 1218 858 1270 eius
883 1220 969 1285 qui
995 1220 1127 1271 bello
1161 1220 1353 1271 Punico
1377 1222 1601 1272 secundo
1626 1223 1852 1286 Syracus
1874 1244 1881 1249 -
1953 1219 1955 1227 ’

178 1331 183 1335 -
216 1298 334 1350 vicit
368 1308 418 1350 et
454 1299 676 1366 quinque
708 1303 994 1352 consulatus
1027 1304 1237 1367 adeptus
1270 1311 1357 1352 est.
1433 1302 1537 1352 Hic
1567 1311 1731 1353 autem
1762 1303 1875 1353 Mar
1932 1327 1955 1370 7:

217 1383 370 1431 cellus
412 1384 477 1433 de
519 1399 620 1446 quo
664 1384 841 1435 Cicero
883 1383 1004 1434 dicit
1051 1384 1306 1449 naufragio
1352 1386 1417 1435 ad
1463 1384 1622 1449 ipsam
1669 1383 1889 1435 Αῐτίοε,’
1933 1372 1955 1415 ’ἶ

217 1463 360 1528 periit
384 1466 534 1529 paulo
558 1473 673 1515 ante
697 1474 931 1530 coeptum
966 1466 1152 1516 bellum
1180 1465 1425 1516 Punicum
1458 1466 1670 1516 tertium,
1745 1468 1837 1517 Ide
1886 1488 1893 1512 ι
1932 1470 1939 1532 ᾗ

218 1563 334 1596 cum
373 1555 558 1597 statuas
600 1547 694 1597 sibi
731 1565 791 1598 ac
832 1548 958 1613 patri
995 1547 1215 1613 itemque
1252 1565 1346 1599 avo
1388 1557 1594 1614 poneret
1631 1548 1682 1598 in
1719 1538 1890 1600 monu'
1932 1541 1940 1606 ἦ

219 1627 398 1678 mentis
433 1628 511 1678 avi
553 1628 628 1679 sui
663 1630 729 1679 ad
767 1629 990 1680 Honoris
1026 1639 1076 1681 et
1104 1630 1325 1691 Virtutis,
1354 1632 1534 1681 decore
1570 1629 1858 1695 subscripsit
1887 1646 1890 1650 ·
1933 1651 1956 1689 2·

220 1725 278 1759 111
315 1725 580 1760 MARCELLI
617 1726 807 1761 NOVIES
841 1726 974 1762 coss.
1047 1713 1169 1761 Fuit
1196 1713 1321 1762 enim
1346 1713 1444 1777 ipse
1476 1718 1550 1761 ter
1569 1714 1742 1772 consul,
1769 1729 1887 1762 avu
1933 1723 1956 1752 ⁸·

219 1792 497 1857 quinquieS‚
525 1802 663 1858 pater
695 1796 880 1844 semel:
918 1794 1085 1859 itaque
1116 1811 1278 1859 neque
1312 1794 1547 1846 mentitus
1576 1804 1650 1846 est
1675 1804 1723 1846 et
1754 1811 1876 1860 apuu
1932 1799 1941 1866 ξ

219 1873 542 1939 imperitiores
568 1875 716 1940 patris
742 1875 816 1926 sui
841 1878 1157 1941 splendorem
1182 1876 1328 1926 auxit.

604 2085 741 2135 CIR.
781 2085 939 2133 VER.
981 2086 1025 2132 A
1064 2085 1224 2134 NOV.
1268 2085 1507 2136 DCCCC

291 2194 335 2257 (ξ
363 2193 464 2258 52.)
518 2195 611 2243 Me
670 2193 1184 2258 consequentibus
1239 2193 1453 2244 diebus
1512 2193 1570 2242 in
1635 2210 1699 2243 ea
1765 2193 1893 2258 ips
1953 2254 1954 2258 Ἰ

221 2277 396 2326 domo
455 2272 567 2338 qua
626 2284 684 2324 tu
751 2292 836 2325 me
893 2277 1217 2340 expuleraS,
1281 2292 1456 2340 quam
1521 2274 1875 2326 incenderas
1932 2267 1956 2342 3

276 2419 301 2444 2
332 2404 587 2444 Macedonia
615 2409 744 2455 atque
766 2407 809 2455 Σ,
833 2417 934 2445 corr.
956 2403 1133 2456 Madvig
1295 2417 1322 2454 3
1351 2410 1394 2444 et
1415 2404 1548 2444 Perse
1567 2403 1773 2456 Madvig:
1802 2404 1840 2444 ei
1875 2423 1882 2438 .-

222 2460 275 2499 de
296 2463 326 2500 Σ
491 2473 516 2509 4
546 2458 687 2509 palum
707 2458 762 2497 Pl
781 2473 790 2498 :
819 2459 959 2510 palam
980 2457 1040 2510 M,
1065 2472 1166 2499 corr.
1189 2458 1373 2510 Poggius
1395 2459 1521 2511 (lectio
1540 2458 1622 2500 cod.
1646 2457 1684 2498 S
1700 2459 1856 2499 evanui
1884 2469 1891 2502 2
1940 2485 1955 2508 3,

222 2526 248 2564 5
279 2511 396 2566 eum]
418 2514 546 2553 etiam
566 2512 767 2553 Bucheler
904 2526 992 2552 rem
1012 2513 1334 2553 Broukhusius:
1363 2526 1411 2552 se
1433 2516 1464 2554 Σ
1653 2514 1680 2552 8
1711 2513 1768 2553 Μ.
1789 2512 1863 2553 ad
1885 2511 1891 2552 ἶ

224 2568 428 2608 Lodoicus
456 2581 506 2607 ex
534 2567 614 2607 Cic.
781 2580 809 2618 9
838 2568 994 2608 virtute
1023 2567 1118 2608 add.
1140 2567 1189 2619 ς’,
1213 2567 1419 2607 Beraldus
1438 2581 1488 2608 ex
1507 2567 1588 2608 Cic.
1700 2567 1811 2618 perit
1880 2613 1885 2622 ,
1935 2569 1954 2623 ξΥ

222 2635 324 2663 corr.
345 2621 552 2662 Beraldus
742 2634 791 2661 10
820 2623 864 2661 in
887 2623 991 2676 (om.
1014 2623 1057 2662 in
1086 2622 1137 2674 Σ)
1165 2622 1302 2673 gloria
1322 2627 1365 2661 et
1385 2621 1524 2673 laude,
1551 2621 1626 2662 Cic.
1653 2621 1733 2662 cod.
1759 2621 1807 2672 V,
1829 2623 1860 2662 Σ
1890 2651 1891 2656 ¹

223 2677 384 2727 gloriae
404 2677 527 2717 laude
550 2676 628 2717 Cic.
653 2675 765 2716 codd.
791 2680 873 2717 cett.
1039 2688 1085 2726 15
1116 2676 1245 2728 periit
1262 2675 1329 2716 P:
1360 2677 1471 2727 perit
1492 2675 1581 2715 SM
1687 2676 1799 2716 idem
1819 2674 1863 2715 P
1927 2669 1954 2737 »ξ

222 2732 322 2771 item
343 2729 435 2771 SM
557 2743 605 2782 17
636 2731 832 2771 decorem
853 2735 895 2782 Σ,
919 2744 1020 2772 corr.
1041 2731 1188 2771 Baiter
1308 2731 1357 2770 18
1386 2743 1438 2770 111
1458 2729 1706 2771 Manutius:
1734 2730 1778 2769 hi
1801 2727 1892 2782 (1ιίιέ
1931 2733 1953 2778 ὲ,

221 2785 272 2824 Μ
286 2787 301 2837 )
331 2789 363 2827 Σ
495 2798 582 2826 cos.
606 2789 652 2834 Σ,
673 2798 769 2826 corr.
794 2784 1020 2826 Manutius
1185 2784 1282 2825 Fuit
1303 2814 1312 2825 .
1338 2815 1348 2825 .
1372 2814 1382 2825 .
1405 2784 1553 2826 consul
1577 2783 1672 2826 add.
1693 2784 1849 2824 Rachel
1932 2761 1954 2845 ¹4

228 2853 277 2890 ¹9
305 2852 444 2891 neque
464 2853 546 2880 om.
569 2839 621 2878 M
782 2853 831 2880 21
866 2852 996 2880 ncccc
1023 2839 1246 2880 BacheIer:
1277 2851 1381 2879 nccc
1415 2839 1494 2879 SP
1667 2852 1720 2890 23
1751 2851 1868 2890 expu
1942 2851 1954 2894 2?

224 2895 355 2947 leras]
376 2907 501 2946 quam
522 2894 737 2946 expilaras
757 2894 854 2935 add.
877 2895 953 2934 Cic.
1067 2895 1316 2934 incenderat
1337 2893 1375 2933 S
1942 2895 1953 2902 ‘'
