1988 3334
651 127 727 176 IN
768 126 1216 176 PISONIANAM
1736 143 1763 189 3

32 330 36 336 Α
98 268 398 329 Placentiam
432 267 759 332 municipium
787 283 894 317 esse
931 266 1078 316 dicat.
1153 265 1317 316 Video
1343 266 1475 315 enim
1503 265 1553 314 in
1583 265 1768 314 annali-

34 395 35 414 2
95 339 187 403 bus
214 366 384 401 eorum
410 348 495 413 qui
522 348 768 398 Punicum
802 348 990 398 bellum
1016 349 1294 398 secundum
1321 346 1621 412 scripserunt
1641 347 1767 397 tradi

34 439 36 496 ἓ
95 432 399 503 Placentiam
447 431 696 483 coloniam
746 431 1015 482 deductam
1064 429 1222 497 pridie
1274 432 1386 479 Kal.
1439 431 1550 479 Iun.
1607 428 1767 494 primo

34 514 36 529 '
93 520 226 568 anno
251 514 357 565 eius
386 513 516 575 belli,
543 515 603 564 P.
633 513 869 565 Cornelio
893 512 1142 579 Scipione,
1170 522 1307 579 patre
1332 511 1553 562 Africani
1577 511 1769 576 prioris,

34 587 72 660 [5
93 597 169 649 Ti.
208 596 505 662 Sempronio
546 598 723 662 Longo
759 613 884 647 coss,
960 597 1141 661 Neque
1178 596 1301 646 illud
1341 594 1440 645 dici
1478 603 1655 660 potest,
1697 594 1767 644 sic

36 671 37 693 ἢ
94 687 216 732 eam.
243 678 493 731 coloniam
529 696 638 729 esse
677 679 946 738 deductam
980 679 1412 743 quemadmodum
1447 686 1562 743 post
1603 679 1767 742 plures

36 806 37 811 ,
92 770 276 814 aetates
315 762 407 812 Cn.
454 757 724 825 Pompeius
767 760 962 823 Strab0,
1001 769 1141 825 pater
1184 761 1277 812 Cn.
1296 816 1300 818 ,
1321 759 1532 824 Pompei
1577 759 1766 824 Magni,

93 843 474 911 Transpadanas
523 842 746 893 colonias
794 842 1067 893 deduxerit.
1160 841 1431 907 Pompeius
1479 840 1614 891 enim
1665 858 1769 892 non
1791 857 1823 905 3

38 962 39 991 ;
92 925 235 979 'novis
267 923 459 975 colonis
499 941 581 974 eas
618 923 876 974 constituit
910 925 999 975 sed
1033 923 1283 974 veteribus
1314 923 1491 973 incolis
1529 922 1768 973 manenti·

38 995 66 1050 ³·
91 1003 188 1060 'bus
225 1006 301 1057 ius
340 1006 480 1057 dedit
520 1006 663 1070 Latii,
699 1016 754 1056 ut
800 1016 1008 1072 possent
1050 1006 1236 1056 habere
1275 1005 1353 1055 ius
1396 1007 1535 1070 quod
1574 1014 1768 1055 ceterae

93 1088 300 1141 Latinae
332 1088 573 1150 coloniae,
615 1087 667 1138 id
707 1097 784 1138 est
823 1097 877 1138 ut
913 1090 1134 1153 petendo
1171 1087 1484 1152 magistratus
1518 1086 1768 1137 civitatem

40 1176 41 1215 ἑ
94 1172 375 1236 Romanam
430 1169 834 1235 adipiscerentur.
929 1169 1235 1220 Placentiam
1282 1177 1451 1219 autem
1500 1185 1585 1219 sex
1633 1169 1770 1220 milia

40 1318 41 1325 ἵ
91 1247 353 1304 hominum
406 1252 525 1302 novi
579 1251 747 1302 coloni
796 1252 1002 1302 deducti
1056 1261 1186 1314 sunt,
1229 1252 1282 1301 in
1336 1251 1519 1317 quibus
1574 1252 1768 1317 equites

40 1390 42 1394 ,
92 1334 308 1386 ducenti.
383 1334 685 1385 Deducendi
737 1334 829 1384 fuit
882 1351 1033 1384 causa
1080 1344 1135 1384 ut
1187 1342 1559 1400 opponerentur
1612 1334 1768 1385 Gallis

41 1415 43 1467 ἴ
88 1417 178 1484 ,qui
224 1434 335 1468 eam
381 1426 573 1482 partem
623 1417 797 1468 Italiae
845 1419 1120 1468 tenebant.'
1192 1419 1522 1468 Deduxerunt
1570 1432 1630 1466 111
1679 1417 1769 1467 viri

93 1500 148 1550 P.
174 1498 436 1551 Cornelius
460 1498 631 1560 Asina,
660 1502 714 1549 P.
743 1499 968 1565 Papirius
995 1502 1158 1561 MaSO‚
1181 1501 1275 1551 Cn.
1299 1498 1562 1551 Cornelius
1583 1498 1768 1564 Scipi0.

42 1581 44 1585 ’
93 1581 319 1645 Eamque
354 1580 604 1631 coloniam
643 1596 734 1630 L111
767 1619 777 1630 .
819 1620 828 1630 .
857 1620 867 1630 .
909 1620 918 1630 .
961 1621 970 1631 .
1006 1582 1276 1641 deductam
1313 1597 1422 1631 esse
1457 1579 1769 1631 invenimus:

44 1670 45 1741 ζ
91 1664 310 1722 deducta
339 1672 413 1713 est
445 1672 613 1713 autem
640 1663 830 1713 Latina.
907 1667 1025 1713 Duo
1050 1680 1198 1728 porro
1233 1680 1413 1728 genera
1438 1680 1608 1713 earum
1638 1666 1769 1713 colo-

44 1747 45 1817 ]
93 1745 284 1796 uiarum
320 1762 449 1810 quae
481 1762 511 1795 a
543 1748 732 1810 populo
767 1748 1002 1797 Romano
1035 1747 1284 1797 deductae
1317 1754 1432 1796 sunt
1465 1748 1678 1807 fuerunt,
1715 1756 1769 1796 ut

58 1826 361 1891 Quiritium
408 1827 546 1889 aliae,
591 1827 717 1877 aliae
759 1827 1052 1878 Latinorum
1101 1837 1279 1878 essent.
1373 1831 1452 1877 De
1500 1845 1553 1878 se
1599 1837 1767 1878 autem

45 1902 47 1951 l
92 1908 279 1974 optime
322 1909 522 1959 meritos
560 1909 878 1960 Placentinos
913 1910 995 1971 ait,
1035 1911 1174 1975 quod
1215 1910 1285 1959 illi
1321 1927 1524 1975 quoque
1560 1912 1770 1961 honora-

67 1991 280 2059 'tissima
314 1993 513 2042 decreta
549 2008 662 2056 erga
692 1991 990 2043 Ciceronem
1024 1994 1247 2042 fecerunt
1277 2001 1688 2058 certaveruntque
1718 1993 1767 2042 in

93 2090 152 2138 ea
174 2091 225 2124 re
251 2090 365 2124 cum
391 2082 496 2123 tota
522 2073 680 2134 Italia,
707 2090 823 2123 cum
850 2075 914 2124 de
938 2073 1099 2124 reditu
1126 2073 1231 2123 eius
1256 2083 1423 2124 actum
1450 2083 1536 2124 est.

146 2213 172 2252 3
204 2201 290 2240 Ian.
316 2204 360 2252 Σ,
381 2213 481 2241 corr.
505 2198 683 2252 Madvig
822 2214 847 2251 4
879 2200 925 2241 P.
950 2199 1202 2241 Manutius:
1231 2213 1315 2241 om.
1341 2204 1372 2242 Σ
1518 2203 1544 2241 8
1575 2202 1768 2244 colonias

87 2253 170 2310 ,(-ἰει
198 2254 273 2308 Μ)
308 2258 366 2296 Σε
396 2255 572 2296 colonos
602 2254 866 2296 sozomenus
973 2287 1042 2308 Ν
1064 2256 1300 2296 deduxerat
1333 2260 1377 2308 Σ,
1410 2269 1510 2298 corr.
1545 2255 1770 2298 Manutius

50 2344 51 2349 ,
148 2323 199 2350 ea
220 2314 262 2360 Σ,
280 2323 380 2350 corr.
404 2325 433 2350 π
662 2321 727 2350 ‘10
756 2310 937 2363 habere]
972 2311 1040 2350 hic
1062 2310 1105 2349 P
1312 2323 1356 2349 11
1390 2312 1579 2364 petendo
1599 2313 1765 2364 scripsi:

91 2390 93 2394 ι
150 2365 264 2405 tendi
305 2365 413 2416 (peti
453 2363 510 2416 S)
552 2368 610 2406 Σε
653 2366 846 2416 gerendo
880 2365 938 2406 A.
975 2365 1247 2417 Augustinus
1422 2379 1470 2405 12
1501 2367 1766 2408 Placentiam

75 2417 134 2465 «Β
145 2434 156 2460 :
185 2420 402 2460 Placentia
421 2419 515 2459 PM
626 2432 673 2470 14
703 2420 874 2460 ducenti
895 2420 976 2460 KS
992 2434 1002 2460 ε
1031 2421 1212 2460 ducendi
1235 2420 1296 2460 S:
1326 2434 1408 2462 om.
1432 2421 1527 2460 PM
1637 2423 1768 2463 dedu-

87 2472 235 2526 {cendit
252 2473 307 2515 Pl
423 2486 471 2525 15
502 2487 551 2514 111
573 2474 655 2514 uiri
676 2474 713 2514 S
728 2489 737 2515 :
768 2475 976 2515 triumuiri
991 2475 1085 2515 PM
1205 2478 1256 2515 16
1283 2476 1407 2516 Maso
1428 2476 1475 2526 S,
1495 2476 1741 2518 Perizonius
1759 2493 1768 2519 z

96 2527 230 2580 Maso,
255 2529 334 2570 Cn.
357 2528 588 2580 Pompeius
609 2528 703 2568 PM
870 2543 917 2580 17
949 2531 1047 2583 Lm]
1081 2543 1161 2581 seq.
1185 2531 1256 2572 lac.
1283 2531 1329 2583 (3
1350 2532 1422 2573 litt.
1436 2531 1486 2581 P,
1520 2542 1545 2581 5
1571 2531 1617 2585 S,
1650 2533 1676 2571 8
1696 2532 1765 2586 M)

96 2582 277 2625 deducta
297 2597 438 2624 messe
461 2586 547 2636 (me
569 2597 709 2625 messe
730 2583 804 2638 M)
828 2588 874 2634 Σ,
894 2598 994 2625 corr.
1013 2584 1204 2637 Poggius
1471 2600 1521 2638 19
1550 2593 1594 2627 ut
1624 2587 1768 2638 Quiri-

63 2654 65 2659 ⁴
92 2638 198 2680 tium
219 2639 326 2680 aliae
344 2639 515 2680 Baiter:
546 2640 690 2691 itaque
711 2643 742 2680 Σ
853 2653 906 2679 22
935 2645 1295 2692 certaueruntque
1316 2641 1353 2681 S
1372 2657 1380 2682 :
1410 2648 1769 2694 certauerantque

92 2690 188 2753 ΓΜ
345 2705 398 2744 23
428 2695 568 2735 reditu
601 2695 694 2735 eius
724 2693 839 2734 PM:
880 2708 926 2735 re
949 2725 958 2735 .
984 2725 994 2735 .
1020 2725 1029 2734 .
1054 2725 1063 2735 .
1102 2695 1140 2736 S

1610 3041 1658 3082 1*
