1988 3334
637 114 713 163 IN
754 112 1234 163 MILONIANAM
1708 124 1766 168 41

104 208 115 232 ,ι
90 78 114 138 ὶ.,.

44 293 57 324 3
98 257 220 321 idus
245 255 443 320 Aprilis,
471 256 668 304 clausae
702 254 898 303 fuerunt
932 260 1036 301 tota
1069 250 1191 300 urbe
1224 249 1459 299 tabernae
1477 265 1490 308 ;
1526 245 1770 311 praesidia
1793 245 1862 305 36

98 336 148 405 in
171 339 278 388 foro
302 347 351 387 et
383 337 513 386 circa
538 335 701 386 omnis
734 334 826 384 fori
850 335 1015 383 aditus
1050 331 1319 396 Pompeius
1352 328 1598 394 disposuit
1614 347 1628 390 3
1665 328 1770 392 ipse

96 427 184 492 pro
201 417 402 480 aerario,
424 426 478 468 ut
496 417 667 483 pridie,
691 415 919 467 consedit
938 423 1137 479 saeptus
1157 415 1351 464 delecta
1369 428 1522 461 manu
1542 410 1768 459 militum.

98 498 297 561 Sortitio
321 500 507 549 deinde
532 497 752 550 iudicum
780 515 810 547 a
834 495 992 562 prima
1025 495 1108 546 die
1140 497 1272 544 facta
1296 502 1399 544 est:
1436 500 1551 557 post
1575 499 1770 540 tantum

64 580 346 642 *silentium
371 589 478 631 toto
503 582 611 631 foro
635 579 727 630 fuit
753 587 996 644 quantum
1031 594 1139 628 esse
1171 577 1222 626 in
1254 575 1424 640 aliquo
1449 576 1557 624 foro
1586 582 1769 638 posset.

55 643 58 734 J
95 652 228 724 ,Tum
253 663 381 713 intra
415 665 590 712 horam
632 663 905 712 secundam
941 668 1254 710 accusatores
1291 664 1564 722 coeperunt
1606 654 1773 705 dicere

55 736 59 845 l
98 745 288 815 Appius
323 745 479 795 maior
512 754 561 795 et
596 746 669 793 M.
705 742 956 794 Antonius
990 751 1039 793 et
1074 745 1127 792 P.
1155 739 1383 791 Valerius
1418 740 1606 803 Nepos.
1680 736 1771 786 Vsi

96 824 211 905 ῥυῐιῑ
235 844 294 878 ex
317 829 425 891 lege
450 825 583 876 horis
608 827 818 876 duabus,

87 906 113 963 fs
165 908 447 973 Respondit
482 908 559 957 his
595 925 724 957 unus
760 909 831 957 M.
861 906 1070 958 Cicero:
1107 914 1157 955 et
1189 921 1305 954 cum
1338 903 1641 968 quibusdam
1674 901 1773 965 pla-

56 1020 72 1064 ,-
94 991 277 1060 ,unisset
301 990 370 1041 ita
393 990 598 1042 defendi
623 990 824 1051 crimen,
853 988 1065 1039 interfici
1092 987 1331 1040 Clodium
1363 1002 1454 1050 pro
1486 1002 1539 1035 re
1571 983 1773 1049 publica

96 1072 467 1138 {uisse—quam
493 1076 704 1125 formam
731 1076 802 1123 M.
832 1075 1015 1122 Brutus
1041 1080 1240 1122 secutus
1266 1079 1341 1121 est
1372 1070 1424 1118 in
1458 1086 1517 1119 ea
1549 1067 1774 1118 oratione

87 1147 246 1222 ,huam
279 1173 369 1221 pro
404 1156 599 1207 Milone
632 1155 916 1220 composuit
953 1164 1002 1206 et
1032 1154 1191 1206 edidit
1216 1153 1358 1219 quasi
1384 1149 1775 1217 egisset—Cice-

95 1238 204 1302 ffoni
226 1239 279 1289 id
303 1256 406 1288 non
431 1238 616 1304 placuit
641 1245 707 1299 ut,
730 1237 956 1303 quisquis
981 1238 1118 1287 bono
1142 1236 1347 1302 publico
1372 1233 1612 1294 damnari,
1639 1232 1774 1283 idem

96 1321 244 1373 'etiam
269 1321 432 1372 occidi
457 1321 776 1375 indemnatus
801 1330 982 1386 posset.
1059 1322 1237 1383 Itaque
1262 1335 1378 1368 cum
1403 1316 1608 1367 insidias
1630 1315 1775 1364 Milo-

55 1405 213 1474 ;.,ξιεηι
263 1402 446 1455 Clodio
494 1403 670 1453 fecisse
717 1403 1001 1468 posuissent
1047 1410 1377 1461 accusatoreS‚
1429 1399 1547 1464 quia
1594 1400 1773 1448 falsum

84 1481 150 1562 {d
189 1493 475 1535 erat—nam
513 1487 638 1535 forte
680 1485 763 1534 illa
801 1485 902 1534 rixa
944 1484 1212 1534 commissa
1249 1481 1658 1533 fuerat-—Cicero
1694 1497 1776 1546 ap-

82 1566 358 1639 prehendit
393 1576 443 1616 et
478 1576 651 1617 contra
676 1566 913 1618 Clodium
948 1566 1130 1616 Miloni
1163 1564 1338 1615 fecisse
1371 1563 1575 1614 insidias
1611 1562 1777 1627 dispu-

83 1636 230 1715 'hviss
256 1665 418 1714 eoque
443 1658 548 1699 tota
573 1648 730 1699 oratio
759 1648 865 1698 eius
899 1647 1151 1713 spectavit.
1226 1648 1340 1697 Sed
1362 1646 1430 1696 ita
1463 1644 1683 1695 constitit
1722 1653 1776 1694 ut

100 1719 323 1804 {diximus
360 1747 453 1780 nec
490 1730 645 1780 utrius
678 1730 888 1781 consilio
924 1739 1199 1795 pugnatum
1236 1746 1344 1779 esse
1381 1745 1443 1778 eo
1480 1728 1576 1789 die,
1604 1743 1775 1777 verum

56 1813 150 1873 et
187 1812 312 1862 forte
349 1811 619 1862 occurrisse
661 1821 711 1862 et
752 1829 811 1862 ex
853 1811 954 1861 rixa
995 1829 1247 1862 servorum
1286 1812 1351 1860 ad
1398 1827 1509 1860 eam
1557 1808 1776 1872 denique

100 1895 305 1963 ‚eaedem
330 1904 636 1959 perventum.
712 1897 905 1945 Notum
931 1904 1099 1945 tamen
1125 1903 1227 1944 erat
1261 1903 1529 1958 utrumque
1562 1900 1774 1941 mortem

55 1907 59 2058 1
101 1975 237 2042 §lteri
283 1993 431 2041 saepe
479 1977 723 2027 minatum
766 1993 887 2038 esse,
933 1985 983 2027 et
1025 1976 1153 2026 sicut
1195 1985 1483 2041 suspectum
1529 1973 1774 2023 Milonem

0 2094 2 2098 ψ
55 2064 58 2129 Ι
87 2052 255 2116 Tmaior
278 2075 430 2123 quam
456 2059 607 2110 Clodi
631 2058 817 2109 familia
841 2058 1068 2121 faciebat,
1097 2058 1165 2108 ita
1189 2057 1465 2123 expeditior
1490 2066 1538 2107 et
1563 2055 1776 2121 paratior

55 2136 58 2240 1
102 2140 166 2206 gd
210 2157 428 2205 pugnam
477 2140 839 2192 Clodianorum
881 2158 1032 2206 quam
1083 2139 1289 2190 Milonis
1337 2142 1509 2189 fuerat.
1598 2137 1776 2189 Cicero

68 2234 216 2288 eum
254 2222 492 2289 inciperet
528 2223 707 2285 dicere,
747 2232 982 2289 exceptus
1018 2230 1089 2273 est
1118 2222 1479 2273 acclamatione
1510 2220 1777 2273 Clodiano-

54 2282 59 2426 1
90 2290 224 2371 jum,
267 2305 353 2370 qui
401 2323 453 2356 se
500 2305 756 2356 continere
803 2323 867 2356 ne
915 2314 1052 2356 metu
1094 2305 1300 2370 quidem
1349 2303 1776 2354 circumstantium

0 2441 2 2452 ’
55 2470 58 2500 A
105 2404 115 2441 ξ
158 2460 183 2488 2
212 2449 351 2490 aditus
369 2462 452 2491 om.
473 2448 576 2500 SP1‚
597 2449 731 2502 suppl.
753 2449 953 2502 Poggius,
975 2449 1025 2488 M
1227 2462 1253 2499 4
1282 2449 1420 2499 prima
1440 2447 1542 2488 SM:
1571 2449 1710 2501 primo
1729 2449 1772 2489 P

92 2495 135 2545 ’ὃ
160 2515 252 2544 cum
273 2502 311 2544 S
454 2510 659 2556 ceperunt
679 2508 723 2557 Σ,
745 2517 842 2544 corr.
867 2503 928 2545 ed.
959 2504 1053 2544 Ven.
1252 2517 1280 2555 9
1309 2504 1377 2544 hic
1398 2508 1439 2556 Σ,
1464 2516 1564 2544 corr.
1588 2503 1646 2544 ed.
1670 2504 1772 2546 Αἶά,

111 2559 159 2599 '12
186 2559 305 2610 quasi
324 2559 495 2600 Baiter:
523 2559 718 2610 quamuis
744 2563 800 2600 2:
832 2559 1026 2609 quamuis
1056 2571 1142 2598 non
1168 2559 1207 2599 ς’
1443 2571 1491 2609 13
1521 2565 1566 2599 ut
1586 2560 1778 2611 quisquis

0 2653 2 2674 Ι
57 2666 58 2670 ¹
106 2611 270 2664 tempsi:
299 2614 489 2666 quisquis
509 2612 629 2655 SP1:
659 2614 772 2664 quod
805 2614 898 2665 quis
931 2613 1134 2665 Poggius,
1163 2613 1243 2654 M:
1273 2615 1384 2664 quod
1419 2614 1491 2664 qui
1522 2613 1778 2655 Manutius:

57 2703 59 2710 ,
107 2667 224 2717 quasi
242 2669 314 2718 qui
334 2668 415 2710 KS
545 2681 594 2719 14
623 2669 781 2709 occidit
801 2669 1056 2708 indemnatis
1076 2666 1180 2721 SP1,
1204 2681 1306 2710 corr.
1331 2668 1528 2721 Poggius,
1553 2668 1607 2707 M
1730 2672 1778 2709 18

55 2730 60 2811 ξ
108 2726 242 2772 eaque
262 2722 315 2762 M
540 2724 759 2764 constituit
781 2728 823 2775 Σ,
848 2737 949 2763 corr.
973 2722 1031 2762 ed.
1054 2722 1158 2763 Ald.
1421 2735 1471 2774 19
1499 2737 1647 2763 uerum
1669 2725 1709 2764 ei
1731 2729 1776 2772 Σ,

108 2784 208 2817 corr.
229 2776 477 2818 Lachmann
589 2792 643 2819 20
672 2784 715 2817 et
735 2792 790 2818 ex
810 2777 1062 2817 Lachmann
1085 2792 1094 2817 :
1123 2791 1177 2817 ex
1199 2791 1249 2818 ea
1269 2781 1300 2818 Σ
1410 2779 1463 2818 ad
1485 2791 1578 2818 earn
1593 2779 1776 2830 denique

56 2825 59 2876 l
109 2829 274 2882 scripsi:
313 2833 367 2872 ad
400 2834 580 2873 eandem
617 2837 647 2875 Σ
668 2847 677 2872 :
721 2835 773 2873 ad
813 2846 904 2872 eam
945 2831 1002 2872 ed.
1040 2831 1143 2872 Ald.
1169 2847 1177 2871 ε
1221 2833 1390 2872 tandem
1427 2834 1480 2873 ad
1514 2833 1679 2875 Baiter:
1723 2836 1775 2874 ad
1814 2862 1823 2872 ,

56 2878 60 2929 ἦ
105 2882 252 2931 Jacobs
452 2900 504 2927 22
534 2888 737 2927 minatum
770 2888 835 2928 P:
866 2888 1069 2926 minutum
1100 2886 1165 2927 S:
1196 2887 1356 2928 inmutti
1387 2887 1437 2927 M
1631 2901 1682 2939 25
1714 2896 1778 2929 est

111 2938 203 2980 add.
225 2941 282 2982 ed.
306 2941 406 2983 Ald.
517 2944 820 2983 acclamatione
841 2943 906 2982 P:
937 2956 960 2982 a
982 2942 1232 2982 clamatione
1252 2942 1342 2983 SM
