1988 3334
205 149 268 206 64
867 146 1213 197 ASCONIVS
1296 151 1300 154 ’

337 198 374 206 -x

199 283 323 333 liber
347 284 387 332 is
422 283 718 334 iudicaretur
743 302 892 349 quem
929 286 1163 334 Metellus
1188 284 1472 335 verberibus
1501 287 1733 335 affectum
1758 301 1866 338 esse
1883 292 1899 335 .’
1960 275 1963 341 Ξ

200 381 378 428 negare
426 382 528 415 non
582 374 788 430 poterat,
833 366 960 417 inter
1009 367 1271 416 Metellum
1319 375 1369 415 et
1417 366 1688 417 Curionem
1737 367 1864 416 facta
1887 356 1890 357 ⁷
1940 387 1943 437 L

199 447 469 497 concordia
492 455 562 496 est
576 448 809 512 pactione
834 458 887 498 ut
913 464 1077 513 neque
1101 447 1357 497 arbitrium
1382 449 1447 498 de
1471 448 1698 498 libertate
1730 464 1866 512 pera·

197 536 410 592 geretur,
437 538 566 579 esset
590 538 758 579 tamen
783 530 865 580 ille
889 529 941 579 in
965 529 1190 580 libertate
1215 531 1280 579 de
1304 546 1406 594 quo
1429 531 1672 593 agebatur,
1700 546 1864 594 neque
1889 525 1891 530 ’
1960 557 1961 564 1

199 613 434 661 Metellus
453 620 691 676 perstaret
709 611 760 660 in
785 611 1103 662 accusatione
1124 610 1358 663 Curionis
1378 631 1388 661 ε
1426 628 1584 675 eaque
1608 611 1774 675 pactio
1797 612 1863 662 ab
1939 603 1961 626 ⁷¹

195 700 408 756 utroque
437 701 633 741 servata·
658 701 746 742 est.
824 695 944 742 Huc
969 709 1085 756 ergo
1121 692 1245 742 illud
1274 691 1501 756 pertinet,
1529 709 1644 741 cum
1677 691 1863 742 iurasse
1890 697 1892 699 ’
1939 722 1960 758 ,1

194 772 317 822 dixit
336 775 490 823 semel
509 772 737 838 privatim
768 812 1052 824 ........
1080 773 1258 823 iterum
1273 775 1395 837 lege,
1418 782 1524 822 tum
1545 772 1731 823 scilicet
1747 790 1861 824 cum
1888 758 1891 764 ”
1939 775 1959 836 J

194 853 245 902 in
273 854 544 905 Curionem
577 854 878 904 calumniam
916 854 1102 904 iuravit.
1179 856 1309 906 Cum
1335 856 1434 904 hoc
1459 863 1626 904 autem
1654 856 1863 905 Metello

192 945 366 1000 postea
390 936 568 987 Cicero
597 936 871 987 simultates
895 937 1044 1000 gessit
1061 955 1076 999 3
1110 936 1264 987 evasit
1288 935 1420 986 enim
1443 937 1677 986 Metellus
1703 938 1862 987 malus
1887 959 1890 967 =
1935 942 1959 1006 3³}

192 1026 342 1082 atque
367 1017 623 1083 improbus
647 1017 783 1069 civiS.
1957 1010 1958 1026 ¹

260 1101 460 1163 Legem,
510 1099 685 1164 inquit,
735 1101 800 1150 de
847 1099 1189 1150 libertinorum
1232 1098 1470 1164 suffragiis
1497 1097 1758 1150 Cornelius
1800 1099 1856 1150 C.
1883 1091 1885 1094 Α
1935 1134 1940 1157 ·.
1956 1091 1958 1108 ¹

106 1186 169 1236 57
194 1179 406 1230 Manilio
422 1180 574 1230 dedit.
639 1180 777 1243 Quid
802 1191 876 1231 est
900 1182 998 1230 hoc
1027 1185 1038 1207 ‘
1054 1180 1194 1230 dedit
1211 1182 1258 1229 '?
1293 1179 1511 1229 Attulit?
1545 1196 1610 1228 an
1634 1175 1891 1243 rogavit?
1955 1217 1957 1237 2

190 1277 255 1310 an
314 1264 538 1312 hortatus
597 1265 708 1312 est?
777 1262 1017 1312 Attulisse
1064 1261 1329 1311 ridiculum
1377 1269 1465 1321 est,
1510 1259 1652 1324 quasi
1699 1262 1859 1324 legem
1883 1291 1886 1293 Δ
1930 1319 1932 1322 y
1954 1322 1956 1324 V

189 1341 407 1406 aliquam
440 1351 526 1393 aut
549 1345 615 1393 ad
639 1343 959 1394 scribendum
992 1342 1245 1393 difficilem
1270 1350 1355 1392 aut
1386 1343 1451 1392 ad
1476 1340 1859 1405 excogitandum
1931 1338 1956 1390 Γ

189 1424 532 1475 reconditam:
583 1442 714 1490 quae
745 1428 823 1477 lex
855 1425 1027 1490 paucis
1063 1424 1140 1474 his
1175 1423 1319 1474 annis
1352 1441 1453 1474 non
1489 1425 1643 1473 modo
1680 1422 1859 1488 scripta
1930 1408 1939 1425 ²

189 1508 277 1557 sed
302 1506 452 1557 etiam
476 1508 574 1556 lata
598 1515 740 1557 esset.
1786 1494 1790 1499 ⁵

257 1590 310 1637 P.
339 1587 614 1652 Sulpicium
639 1587 691 1637 in
715 1587 967 1638 tribunatu
993 1589 1122 1637 hanc
1142 1587 1354 1637 eandem
1379 1588 1539 1650 legem
1563 1585 1734 1636 tulisse
1758 1585 1856 1637 iam
1934 1611 1939 1616 ·

188 1668 586 1733 significavimus
675 1669 814 1718 Tulit
860 1677 1027 1719 autem
1076 1671 1131 1717 L.
1183 1669 1319 1718 Sulla
1366 1666 1452 1731 qui
1499 1675 1673 1731 postea
1721 1666 1857 1716 Felix
1876 1703 1879 1707 -
1927 1720 1935 1740 Β

186 1752 462 1815 appellatus
510 1758 580 1800 est
624 1752 686 1813 Q.
739 1750 982 1815 Pompeio
1030 1748 1318 1800 consulibus
1359 1757 1476 1798 ante
1516 1763 1655 1797 xxm
1697 1759 1873 1798 annos
1927 1746 1938 1806 ἶ

186 1849 337 1897 quam
370 1834 494 1882 haec
530 1832 663 1883 dicta
699 1841 827 1893 sunt,
855 1849 970 1882 cum
1006 1849 1093 1897 per
1128 1831 1227 1881 vim
1263 1847 1367 1880 rem
1396 1846 1444 1894 p.
1475 1828 1777 1894 possedisset
1811 1836 1859 1879 et

185 1915 250 1964 ab
279 1913 430 1964 initiis
461 1915 705 1964 bonarum
742 1914 995 1964 actionum
1032 1915 1098 1963 ad
1134 1912 1349 1977 perditas
1380 1927 1664 1976 progressus
1697 1919 1826 1961 esset
1843 1927 1880 1961 2-
1923 1909 1931 1930 ⁴·

187 1997 327 2060 quod
351 2005 401 2046 et
425 1995 622 2046 initium
647 1996 891 2046 bellorum
916 1994 1134 2045 civilium
1159 1993 1264 2055 fuit,
1286 2002 1335 2044 et
1365 2001 1565 2056 propter
1588 1993 1726 2056 quod
1750 1983 1872 2056 ipse

188 2076 435 2142 Sulpicius
461 2079 723 2127 consulum
749 2076 895 2127 armis
921 2077 1025 2126 iure
1050 2091 1313 2140 oppressus
1338 2090 1446 2124 esse
1471 2073 1602 2123 visus
1628 2081 1715 2123 est.
1873 2084 1878 2094 ⁴

240 2220 265 2246 2
294 2206 408 2246 inter
426 2207 492 2246 P:
523 2235 674 2247 .....
699 2207 810 2246 inter
829 2206 901 2248 M:
932 2206 1004 2246 lac.
1034 2218 1079 2255 17
1103 2205 1177 2245 litt.
1201 2204 1293 2244 hab.
1318 2202 1355 2243 S
1481 2214 1507 2252 3
1538 2202 1765 2242 concordia
1785 2206 1867 2243 est*

187 2262 385 2312 pactione
412 2267 457 2300 ut
487 2274 628 2311 neque
654 2261 839 2300 Purser:
886 2260 1113 2301 concordia
1143 2264 1189 2299 ut
1231 2270 1372 2309 neque
1400 2255 1469 2308 Pl,
1493 2256 1692 2308 pactione
1712 2263 1875 2313 ῐιεειῑιιοΔ
1916 2272 1934 2303 γ

186 2315 229 2355 P
244 2329 346 2355 corr.
371 2329 430 2356 m.
455 2328 474 2354 1
496 2330 506 2355 ε
549 2316 779 2356 concordia
798 2314 852 2353 M
867 2329 877 2354 :
918 2343 1176 2354 ........
1214 2311 1252 2353 S
1451 2311 1668 2351 arbitrium
1690 2339 1701 2350 .
1725 2339 1736 2350 .
1761 2339 1771 2350 .
1795 2311 1850 2351 de
1918 2310 1939 2368 ξ.

187 2383 270 2420 quo
299 2371 357 2410 in.
388 2383 474 2422 mg.
508 2369 600 2409 hab.
632 2370 675 2408 P
800 2368 978 2420 perege?
1009 2396 1203 2408 .....
1230 2368 1274 2418 (9
1305 2366 1382 2406 litt.
1407 2365 1459 2404 M
1463 2366 1479 2416 )
1516 2370 1558 2416 Σ,
1593 2378 1692 2404 corr.
1726 2363 1867 2404 Mad-¹
1917 2373 1937 2424 ³7·

185 2438 265 2517 ag}
364 2438 389 2474 4
419 2429 534 2518 esbset
546 2425 717 2518 εενΙιΞξίε
747 2425 824 2464 sed
845 2427 904 2464 Σε
932 2425 1088 2464 rediret
1100 2422 1251 2527 Ιῖἐῖῖῃ
1283 2421 1485 2514 &Iber-‘staff
1502 2419 1576 2460 M:
1609 2420 1847 2512 lissertatem
1867 2451 1871 2466 ;
1931 2411 1947 2482 ’,ῥ’

371 2491 396 2518 a
426 2491 451 2517 e
481 2485 580 2518 atur
699 2493 708 2518 :
739 2507 1094 2520 ...........
1201 2490 1214 2516 ι
1251 2505 1261 2515 .
1484 2488 1492 2514 :
1522 2487 1606 2514 om.
1852 2510 1858 2513 ff
1919 2494 1935 2519 ,μ

187 2533 231 2571 in
262 2492 533 2572 accusagtione
566 2532 635 2572 P:
677 2533 719 2572 in
752 2546 800 2573 ac
834 2534 931 2585 (hac
963 2532 1033 2585 M)
1068 2559 1321 2572 ........
1339 2482 1354 2528 )
1388 2527 1478 2567 SM
1627 2531 1655 2568 6
1683 2483 1863 2569 servati-¹
1916 2522 1945 2583 {f}

185 2587 332 2639 scripsi
349 2602 358 2626 ε
388 2588 553 2627 firmata
565 2585 656 2625 PM
669 2601 678 2626 :
710 2616 858 2627 .....
893 2587 931 2627 S
1053 2599 1147 2626 cum
1166 2585 1231 2625 P:
1260 2611 1481 2625 .......
1505 2580 1596 2622 SM
1610 2597 1619 2622 ε
1648 2582 1761 2633 quod
1782 2581 1849 2625 bis
1914 2599 1944 2636 *33

186 2654 283 2680 eum
295 2640 377 2681 KS
487 2655 509 2692 7
540 2642 739 2692 priuatim
756 2670 1006 2682 ........
1030 2640 1122 2681 SM
1138 2654 1146 2679 :
1177 2638 1375 2690 priuatim
1396 2637 1494 2676 etP
1509 2650 1518 2675 :
1548 2638 1663 2687 apud
1683 2638 1856 2687 patremj
1913 2658 1936 2696 ις

185 2695 318 2746 suppl.
350 2695 432 2735 KS
540 2696 725 2746 legatum
758 2700 800 2747 Σ,
835 2709 936 2736 corr.
971 2694 1174 2746 Sigonius
1348 2693 1375 2730 8
1405 2690 1560 2730 iurauit
1589 2690 1657 2730 P:
1686 2689 1861 2750 rogauit,
1908 2699 1943 2752 ‚¹4

186 2750 346 2790 curavit
365 2748 402 2789 S
421 2764 431 2789 ε
460 2751 657 2790 durarum
676 2750 728 2788 M
839 2763 885 2789 11
918 2749 970 2791 οὔ
993 2749 1137 2789 Mallio
1160 2746 1334 2799 (Manlio
1355 2744 1426 2797 M)
1449 2748 1490 2793 Σ,
1511 2757 1611 2785 corr.
1629 2743 1861 2785 Manutius*
1929 2759 1943 2803 js

192 2815 240 2843 12
268 2817 323 2844 an
344 2803 440 2844 tulit
460 2808 506 2854 Σ,
534 2817 634 2844 corr.
656 2803 832 2856 Madvig
970 2815 1019 2854 13
1047 2817 1101 2843 an
1126 2803 1275 2842 tulisse
1296 2803 1340 2852 Σ,
1361 2813 1462 2840 corr.
1484 2797 1662 2851 Madvig
1859 2807 1863 2822 ³
1927 2805 1935 2820 ·

190 2857 453 2908 recognitam
468 2862 513 2911 Σ,
527 2871 627 2898 corr.
646 2858 706 2899 ed.
724 2858 840 2899 Iunt.
957 2871 1004 2908 17
1029 2858 1111 2898 iam
1125 2854 1206 2896 ΚΞ
1225 2870 1234 2896 :
1263 2867 1356 2895 eam
1377 2853 1467 2894 SM
1483 2868 1492 2894 :
1521 2866 1605 2916 om.
1628 2852 1671 2892 P
1847 2871 1866 2911 χ·
1923 2892 1941 2904 ,,

194 2912 528 2963 significabimus
547 2916 591 2965 Σ,
614 2926 715 2953 corr.
739 2912 796 2953 ed.
818 2911 920 2952 Ald.
1102 2923 1153 2962 19
1181 2915 1247 2950 est
1267 2908 1365 2950 add.
1386 2906 1566 2959 Madmg
1690 2918 1766 2947 xvi
1795 2909 1851 2955 Σ,.
1926 2923 1941 2964 3

193 2979 292 3006 corr.
316 2965 541 3007 Manutius
633 2980 687 3008 20
716 2972 761 3007 et
779 2967 831 3007 ab
850 2965 1056 3007 Beraldus
1075 2980 1086 3006 ι
1115 2965 1168 3005 ab
1188 2967 1219 3006 Σ
1320 2975 1372 3012 23
1401 2963 1621 3002 consulum
1643 2959 1818 3012 Madvig
1833 2972 1844 2984 ·

195 3033 302 3061 coss.
331 3022 436 3073 (cos.
458 3021 515 3074 P)
537 3024 569 3062 Σ
679 3022 740 3061 ire
760 3025 805 3072 Σ,
825 3034 923 3062 corr.
948 3020 1152 3072 Sigonius
1260 3022 1375 3058 esset
1395 3018 1536 3057 uissus
1556 3014 1594 3055 S
1911 3027 1928 3045 ·›
