1988 3334
715 101 1120 151 PRAEFATIO

43 210 62 307 i
87 244 297 304 exhibet,
343 260 402 292 ex
443 244 731 307 apographo
775 241 1029 305 Poggiano
1077 249 1267 291 ceteros
1308 240 1506 290 fluxisse
1548 248 1755 289 constat.

14 391 15 394 Ἴ
43 312 49 408 Ι
89 325 281 379 Scilicet
311 341 426 389 prae
459 326 590 373 fama
625 323 796 406 Poggii
829 323 1126 387 exemplaria
1151 323 1215 372 ab
1241 322 1346 371 aliis
1374 323 1600 372 confecta
1626 321 1761 385 parvi

89 407 438 461 habebantur..
484 404 723 469 Poggiani
748 404 893 468 igitur
919 404 1028 454 libri
1061 404 1361 454 Florentiam
1396 405 1460 453 ad
1493 403 1758 452 Nicolaum

11 519 13 533 ι
90 487 316 540 Nicolam
353 496 402 536 et
439 487 758 536 Leonardum
797 485 1060 536 Aretinum
1105 485 1241 535 missi
1279 503 1408 550 quae
1444 484 1625 535 fuerint
1662 486 1761 534 fata

10 603 12 606 >
87 569 354 622 videamus.
464 570 621 618 Hunc
689 567 855 617 statim
923 567 1272 633 transcriptum
1333 568 1484 617 fuisse
1543 569 1761 617 declarat

88 651 271 718 primus
314 649 657 701 Bibliothecae
695 650 960 701 Mediceae
996 647 1251 715 catalogus
1293 667 1428 700 anno
1477 652 1603 710 1418
1647 666 1763 699 con-

70 733 256 792 .fectUS‚
295 731 346 781 in
381 749 483 796 quo
520 731 647 782 inter
683 731 834 782 libros
875 732 954 782 ‘in
990 732 1249 797 scriptorio
1287 731 1507 784 Cosimi'
1544 741 1762 781 servatos

89 824 174 876 est,
205 818 378 863 ss‘num.
425 831 489 877 30
527 815 746 875 Asconio,
798 817 964 863 lettera
1013 815 1237 863 antt‘ca.'¹
1310 813 1561 864 Guarinus
1610 813 1760 863 etiam

89 895 386 947 Veronensis
423 897 500 945 vel
536 895 717 945 librum
754 895 918 960 ipsum
943 898 1021 946 vel
1055 899 1305 960 exemplar
1341 896 1446 946 eius
1482 913 1512 945 a
1549 896 1763 946 Nicolao

89 977 332 1038 habuisse,
359 986 414 1026 ut
438 979 659 1027 voluerat
694 977 921 1042 Poggius,
950 978 1156 1028 videtur.
1232 978 1335 1027 Hic
1368 995 1502 1028 anno
1541 995 1668 1039 1420
1698 979 1762 1028 ad

91 1059 454 1123 Hieronymum
481 1060 735 1109 Gualdum
761 1059 1085 1109 Vicentinum
1111 1059 1179 1108 ita
1204 1059 1372 1109 scribit
1392 1062 1435 1110 :2

154 1141 416 1191 Asconz'nm
451 1157 634 1203 quoque
668 1142 945 1190 Pedt'anum
982 1142 1109 1190 mihi
1139 1142 1321 1201 mittas,
1360 1142 1409 1190 si
1439 1142 1578 1204 apud
1605 1148 1647 1190 te
1681 1148 1761 1190 est.

91 1223 180 1273 Sin
209 1227 381 1282 autem,
408 1238 514 1270 eum
547 1238 607 1270 ex
640 1223 908 1271 clarissimo
939 1224 1059 1284 viro,
1096 1224 1379 1286 Gasparino
1394 1226 1410 1251 ³
1435 1225 1762 1286 Pergamensz'‚

89 1305 242 1356 verbis
276 1305 389 1352 meis
415 1310 552 1367 petes
591 1311 639 1353 et
671 1313 954 1368 magnopere
1000 1307 1246 1354 contendes
1287 1307 1536 1368 ipsumque
1582 1307 1653 1354 ad
1694 1323 1768 1354 me

90 1386 443 1452 dilzgentzksz’me
468 1387 636 1434 mittes.
710 1387 802 1435 Ex
839 1389 1025 1436 Verona
1052 1402 1111 1435 111
1136 1388 1260 1437 Idus
1283 1388 1529 1435 Decembr.

157 1466 381 1517 Absente
417 1464 562 1531 igitur
599 1467 801 1532 Poggio,
838 1467 923 1532 qui
959 1467 1011 1516 in
1050 1468 1358 1518 Britanniam
1395 1468 1562 1529 iverat,
1602 1471 1767 1533 plures

93 1547 195 1599 eius
219 1547 482 1598 familiares
506 1551 848 1614 apographum
880 1559 929 1599 et
963 1550 1273 1599 consuluisse
1298 1559 1347 1599 et
1371 1549 1422 1598 in
1448 1567 1594 1599 usum
1621 1568 1766 1600 suum

92 1630 455 1695 transcripsisse
480 1631 597 1681 satis
622 1640 830 1681 constat.
898 1634 1013 1696 Ipse
1035 1649 1150 1682 cum
1171 1649 1230 1681 ex
1255 1634 1349 1681 hac
1374 1632 1769 1696 peregrinatione

93 1833 278 1873 inventae
309 1846 387 1884 pro
420 1833 670 1885 invenimus,
706 1840 749 1874 et
777 1834 972 1887 pluribus
1002 1848 1080 1886 pro
1114 1834 1424 1887 compluribus:
1467 1837 1611 1876 finitur
1639 1836 1768 1877 etiam

94 1887 137 1927 in
162 1900 252 1929 voc.
289 1888 481 1940 afferre):
525 1902 581 1928 ex
611 1887 650 1928 S
681 1887 856 1929 fluxisse
885 1888 968 1929 hae
999 1890 1211 1930 lectiones
1244 1891 1348 1931 satis
1384 1896 1623 1931 monstrant
1652 1903 1690 1941 3.
1720 1905 1768 1943 14

123 1942 344 1996 ducendi),
382 1955 421 1993 5.
464 1956 599 1994 19-20
632 1941 712 1998 (ad
747 1950 942 1984 senatum
979 1945 1226 1985 decrevisse
1265 1959 1342 1986 eos
1369 1976 1378 1985 .
1399 1976 1408 1986 .
1429 1948 1481 1985 aii
1517 1951 1768 1986 consuetum

64 2009 71 2011 ⁴
132 1996 314 2037 iceronis
334 2027 650 2038 ..........
658 1997 694 2052 >,
730 2000 768 2038 6.
804 2012 853 2039 10
884 1998 1006 2038 abien
1029 2029 1245 2041 .......
1251 2030 1262 2050 ,
1299 2013 1344 2041 11
1383 2001 1526 2041 dicere
1557 2015 1582 2041 a
1616 2006 1668 2041 tr.
1693 2003 1767 2054 pL,

99 2053 150 2092 16
168 2064 263 2092 con.
297 2052 522 2097 consulatu
553 2054 711 2104 hfitem,
737 2066 774 2103 7.
797 2066 823 2103 3
855 2054 1005 2106 sicilie,
1035 2057 1084 2094 16
1106 2055 1171 2107 [et
1204 2055 1402 2107 crimen],
1438 2069 1499 2096 11.
1525 2070 1575 2096 10
1608 2058 1767 2108 praeci,

100 2117 162 2156 17.
189 2119 236 2146 12
270 2107 434 2147 eiectus
466 2108 671 2158 pretorio,
707 2121 772 2158 23.
804 2122 852 2147 21
887 2122 1077 2161 supsum,
1116 2121 1182 2160 29.
1219 2123 1236 2148 1
1266 2116 1452 2162 praetor,
1487 2123 1553 2161 31.
1575 2119 1628 2161 23
1659 2124 1769 2162 eque

96 2173 236 2212 super,
259 2163 325 2212 36.
344 2174 362 2200 1
386 2175 493 2214 cum,
514 2174 579 2212 37.
597 2174 622 2211 3
645 2169 800 2214 secuta,
825 2164 890 2214 38.
914 2176 962 2202 12
982 2162 1131 2218 (sibi),
1157 2177 1225 2214 40.
1241 2177 1290 2204 21
1314 2165 1470 2216 iudicio
1490 2167 1606 2217 titus,
1632 2178 1697 2216 43.
1721 2180 1769 2218 15

94 2220 451 2268 super-uenenum,
487 2229 553 2265 44.
586 2230 634 2256 21
670 2217 824 2269 paries,
863 2230 928 2268 51.
964 2231 1009 2256 11
1047 2217 1299 2273 (occisum),
1337 2231 1474 2270 54.14
1511 2220 1612 2272 Off„
1648 2233 1714 2272 59.
1749 2235 1771 2271 7

97 2269 175 2312 ali.
193 2300 203 2312 .
220 2298 231 2310 .
247 2300 272 2320 .,
304 2272 370 2311 61.
394 2284 442 2310 21
467 2283 601 2322 exspe
623 2300 824 2321 .......
846 2274 911 2322 65.
936 2286 983 2312 12
1001 2302 1154 2315 ......
1173 2274 1345 2326 ciosam,
1377 2276 1443 2316 66.
1466 2287 1519 2314 22
1541 2306 1551 2316 .
1573 2306 1582 2317 .
1602 2307 1610 2315 .
1629 2308 1637 2317 .
1657 2289 1766 2327 cum,

73 2325 163 2375 ·69.
188 2337 234 2365 21
268 2326 467 2375 traduxit,
497 2338 561 2376 73.
590 2339 637 2377 17
659 2326 911 2382 (gratiam),
941 2329 1007 2377 84.
1035 2341 1087 2366 22
1114 2328 1382 2379 calculisque.
1443 2329 1539 2370 Non
1570 2331 1696 2372 nullis
1730 2332 1770 2370 in

97 2377 213 2430 locis,
247 2380 315 2419 ubi
344 2379 382 2420 S
410 2380 564 2430 aliquid
600 2382 757 2421 omittit
791 2382 859 2421 vel
893 2382 1119 2422 verborum
1154 2383 1475 2424 collocationem
1510 2386 1768 2436 singularem

99 2432 240 2484 habet,
255 2447 310 2473 ex
325 2434 368 2474 P
386 2435 472 2488 (vel
487 2434 564 2487 M)
581 2436 804 2487 suppletus
825 2437 893 2476 vel
915 2443 1132 2478 correctus
1152 2444 1229 2489 est,
1251 2438 1368 2478 velut
1392 2451 1454 2479 11.
1475 2452 1605 2490 11-14
1620 2439 1769 2496 (prae-

99 2491 247 2540 terque
268 2518 278 2530 .
301 2519 312 2530 .
339 2519 348 2529 .
378 2487 501 2545 mei),
532 2502 594 2539 14.
627 2503 763 2541 22-24
788 2490 1057 2545 (triumphus
1078 2522 1088 2532 .
1127 2522 1137 2533 .
1162 2522 1171 2532 .
1197 2493 1352 2547 esset),
1383 2495 1447 2543 87.
1476 2506 1525 2546 13
1554 2495 1772 2536 absolutus

101 2548 178 2584 est.
245 2543 545 2583 Correctiones
586 2558 743 2595 paucas
782 2546 911 2585 habet
945 2546 1060 2586 velut
1105 2558 1164 2596 15.
1205 2560 1252 2587 12
1289 2549 1401 2599 Piso,
1440 2561 1501 2599 19.
1541 2562 1590 2600 19
1625 2550 1765 2592 filiam.

100 2596 347 2638 Addiderim
372 2611 433 2640 12.
457 2612 483 2650 4
498 2599 651 2651 palum
673 2601 717 2639 in
738 2614 765 2640 σ
785 2600 884 2650 legi.
1427 2647 1430 2650 Δ

155 2650 170 2674 ²
199 2651 222 2692 i.
244 2666 280 2694 e.
305 2666 330 2694 a
351 2653 611 2705 calligrapho
631 2655 826 2706 scriptus.
877 2655 941 2696 cf.
969 2655 1027 2695 La
1049 2656 1241 2698 Libreria
1261 2658 1303 2697 di
1325 2658 1498 2698 Cosimo
1523 2660 1590 2699 de’
1617 2659 1773 2700 Medici

102 2705 170 2745 nel
193 2709 307 2756 1418.
371 2707 414 2748 F.
441 2708 604 2760 Pintor,
628 2709 820 2756 Firenze,
845 2722 962 2761 1902.

158 2759 174 2782 ²
203 2760 448 2814 Sabbadini,
474 2763 582 2805 Mus.
610 2764 702 2805 Ital.
729 2765 771 2804 di
791 2764 962 2807 Antich.
989 2767 1039 2807 cl.
1067 2766 1106 2808 ii.
1132 2779 1169 2807 2.
1194 2778 1287 2818 377.

158 2814 174 2837 ³
203 2815 405 2856 Scholion
437 2817 697 2859 Pisonianae
730 2820 771 2859 in
802 2821 926 2861 codd.
959 2834 1044 2860 non
1077 2821 1204 2862 nullis
1232 2822 1469 2873 praefixum
1495 2824 1590 2864 ‘hic
1620 2825 1773 2865 deesse

103 2868 255 2920 aliquid
295 2884 349 2910 ex
387 2871 578 2913 Asconio
618 2875 758 2924 patet'
799 2873 1026 2926 Gasparini
1070 2888 1166 2915 esse
1205 2877 1360 2917 dicitur
1398 2878 1440 2916 in
1481 2879 1573 2918 cod.
1617 2878 1773 2919 Venet.

52 2945 53 2949 =
107 2921 316 2976 (Bessar.)
342 2928 568 2971 ccccxxvii.

911 3016 971 3047 XV
