1988 3334
239 143 302 184 ἑο
897 130 1243 182 ASCONIVS

333 197 369 205 x

235 271 341 322 eius
366 290 469 322 non
495 272 658 322 minus
691 271 978 322 offensionis
1014 269 1326 330 contraxisse,
1356 269 1494 332 quod
1526 266 1765 317 iudicium
1802 265 1847 316 ei
1878 294 1895 309 ι

235 354 287 403 in
338 354 560 405 Muciam
606 353 813 404 crimine
859 352 1199 418 impudicitiae
1240 351 1305 401 ab
1352 368 1414 402 eo
1455 349 1711 400 dimissam
1753 347 1846 399 levi
1881 383 1887 386 —

235 435 409 487 fecisse
435 435 803 497 existimaretur,
831 452 946 489 curn
972 452 1081 485 eam
1115 434 1221 499 ipse
1253 433 1523 498 probasset,
1550 449 1700 496 quarn
1726 429 1863 495 grat‘

234 518 511 583 adquisisse
535 517 915 569 necessitudinis
934 516 1052 578 iure,
1071 518 1208 581 quod
1228 533 1287 566 ex
1305 516 1482 566 eadem
1493 522 1708 579 uterque
1726 512 1871 564 liber·

235 601 672 664 haberet—neque
697 601 825 651 Cato
856 599 922 649 ab
952 597 1202 663 aequitate
1237 615 1296 647 ea
1321 613 1448 662 quae
1473 605 1521 646 et
1544 595 1696 645 vitam
1721 593 1826 645 eius
1885 605 1888 628 ⁵
1959 602 1961 662 j

234 681 572 746 magistratum
614 681 753 731 illum
795 681 1006 731 decebat
1042 697 1296 745 quoquam
1332 677 1544 729 deflexit.
1617 679 1738 728 Post
1771 675 1960 733 die·

234 774 402 814 autem
429 773 660 829 quartum
685 780 836 829 quam
860 765 1138 828 postulatus
1163 771 1266 812 erat
1290 764 1502 812 Scaurus
1528 762 1739 811 Faustus
1772 760 1857 810 Sul

155 853 211 903 18
235 855 340 896 tum
379 855 623 911 quaestor,
664 845 794 895 filius
836 847 1000 896 Sullae
1039 839 1230 905 Felicis,
1257 845 1403 893 frater
1445 859 1503 892 ex
1539 843 1713 892 eadem
1751 849 1854 891 mat
1876 862 1889 881 ’-

233 927 404 978 Scauri
439 927 589 979 servis
625 927 731 978 eius
766 926 1032 978 vulneratis
1068 925 1293 991 prosiluit
1328 943 1388 976 ex
1422 923 1598 975 lectica
1629 933 1678 974 et
1702 931 1847 989 quest
1877 954 1891 964 ..
1957 929 1959 979 ἶ

234 1019 308 1059 est
342 1027 498 1075 prope
533 1009 886 1074 interemptum
923 1025 1031 1059 esse
1065 1025 1112 1057 se
1143 1025 1175 1057 a
1210 1005 1619 1071 competitoribus
1656 1003 1826 1055 Scauri
1866 1027 1880 1048 ‘-
1956 1013 1958 1016 '

231 1091 488 1142 ambulare
523 1109 639 1142 cum
676 1106 771 1142 ccc
805 1090 1004 1141 armatis
1041 1107 1210 1155 seque,
1245 1088 1285 1139 si
1321 1105 1524 1140 necesse
1554 1095 1697 1147 esset,
1723 1085 1823 1136 vim
1871 1105 1880 1131 ·.
1956 1107 1957 1112 ¹

234 1175 557 1238 repulsurum.
1955 1177 1956 1186 ¹

304 1256 650 1306 Defenderunt
675 1256 914 1305 Scaurum
939 1270 1023 1304 sex
1046 1252 1258 1319 patroni,
1274 1269 1390 1302 cum
1413 1253 1479 1302 ad
1505 1250 1556 1301 id
1582 1260 1778 1316 tempus
1798 1267 1872 1301 rar
1954 1251 1957 1270 '

233 1335 498 1402 quisquam
537 1336 759 1401 pluribus
799 1354 949 1401 quam
986 1345 1219 1402 quattuor
1256 1343 1505 1385 uteretur:
1541 1342 1592 1383 at
1627 1342 1741 1398 post
1777 1333 1858 1384 bel

233 1417 395 1468 civilia
417 1427 535 1470 ante
558 1420 716 1484 legem
745 1418 923 1468 Iuliam
949 1419 1014 1469 ad
1039 1419 1302 1469 duodenos
1335 1426 1570 1481 patronos
1603 1424 1678 1466 est
1706 1432 1853 1480 perve
1882 1430 1888 1468 Γ

234 1508 353 1549 tum.
453 1503 672 1550 Fuerunt
718 1509 886 1550 autem
934 1499 985 1549 hi
1033 1517 1147 1550 sex:
1208 1502 1262 1548 P.
1304 1496 1513 1550 Clodius
1560 1498 1786 1556 Pulcher,
1879 1505 1885 1561 ξ
1951 1557 1954 1572 Ι

238 1583 517 1642 Marcellus,
570 1584 642 1631 M.
695 1581 932 1642 Calidius,
984 1583 1056 1631 M.
1108 1580 1299 1645 Cicer0,
1346 1582 1419 1629 M.
1471 1581 1689 1630 Messala
1735 1576 1882 1644 Nige
1951 1582 1954 1596 ¹

235 1666 296 1727 Q.
328 1662 642 1715 Hortensius.
718 1666 834 1729 Ipse
869 1680 1073 1729 quoque
1109 1665 1320 1714 Scaurus
1353 1661 1475 1713 dixit
1511 1679 1600 1726 pro
1630 1678 1683 1711 se
1713 1677 1772 1710 ac
1808 1677 1872 1710 m·
1950 1654 1953 1676 ²

233 1762 451 1811 gnopere
487 1745 676 1797 iudices
715 1745 870 1796 movit
906 1755 955 1796 et
984 1747 1212 1810 squalore
1241 1754 1291 1794 et
1321 1742 1535 1794 lacrimis
1561 1751 1610 1793 et
1641 1741 1878 1793 aedilitas

234 1830 418 1878 effusae
456 1827 694 1878 memoria
728 1845 788 1877 ac
820 1830 985 1878 favore
1017 1826 1242 1892 populari
1274 1844 1334 1876 ac
1370 1824 1634 1890 praecipue
1670 1833 1858 1890 patern
1876 1823 1877 1826 ’

233 1909 536 1960 auctoritatis
562 1909 917 1960 recordatione.

787 2154 910 2215 ΕΝ
922 2153 1351 2215 ARRATIO

591 2281 811 2330 CIRCA
846 2281 1004 2328 VER.
1043 2281 1092 2328 A
1133 2280 1328 2328 PRIM.
1368 2280 1563 2358 xxxx

303 2388 368 2454 (Ι.
413 2388 477 2454 1.)
512 2405 627 2438 cum
653 2396 910 2439 enumerat
944 2386 1128 2438 iudicia
1159 2404 1287 2452 quae
1320 2395 1458 2452 pater
1479 2386 1650 2438 Scauri
1677 2395 1843 2458 expert

233 2479 336 2520 est:

1940 2568 1942 2583 Ι

295 2611 312 2637 1
344 2598 657 2640 contradixisse
678 2597 716 2638 S
851 2611 876 2649 5
905 2612 957 2639 ea
976 2610 1101 2650 quam
1122 2602 1167 2649 Σ,
1186 2611 1285 2639 corr.
1305 2596 1510 2638 Beraldus
1653 2611 1676 2648 7
1705 2603 1857 2649 quartu
1940 2605 1942 2639 η’
1986 2594 1988 2599 ’

235 2653 295 2693 ed.
315 2653 433 2694 Iunt.
453 2667 462 2692 :
492 2665 561 2692 1111
583 2658 640 2694 Σε
669 2658 860 2703 quartam
878 2653 938 2694 ed.
966 2652 1064 2695 Ven.
1241 2665 1270 2704 9
1298 2665 1448 2692 servus
1475 2652 1568 2692 eius
1587 2653 1836 2693 vulneratus
1983 2659 1988 2671 ·

233 2720 332 2748 corr.
356 2707 554 2747 Heinrich
576 2721 585 2746 ι
621 2720 715 2747 cum
736 2720 889 2747 servus
910 2707 1003 2748 eius
1022 2712 1138 2748 esset
1157 2706 1402 2747 vulneratus
1421 2706 1558 2746 Halm
1722 2707 1864 2748 lectic'
1939 2713 1940 2720 ¹

232 2766 280 2813 Σ,
304 2775 402 2802 corr.
425 2761 621 2802 Heinrich
641 2775 650 2800 ε
679 2762 904 2802 lecticariis
924 2762 1024 2802 Rau
1163 2774 1212 2802 10
1240 2773 1318 2812 pro
1340 2761 1596 2812 interempto
1616 2773 1712 2801 esse
1733 2765 1780 2813 Σ,
1798 2774 1842 2802 co

235 2816 438 2857 Lodoicus
605 2828 648 2854 11
681 2822 878 2857 necesset
900 2816 1043 2856 uiuum
1060 2815 1098 2856 S
1264 2827 1313 2866 13
1343 2815 1627 2855 defenderent
1645 2814 1686 2856 S

233 2882 283 2911 ac
303 2874 347 2921 Σ,
369 2883 469 2911 corr.
492 2868 714 2912 Hotoman
908 2882 956 2921 15
985 2871 1039 2911 ad
1060 2883 1116 2909 vr:
1144 2875 1244 2910 ante
1265 2873 1297 2911 Σ
1506 2871 1555 2909 16
1582 2882 1662 2910 sex
1681 2870 1745 2910 P:
1772 2875 1818 2912 et
1853 2841 1873 2891 “i
1911 2839 1939 2917 {3

233 2937 282 2966 se
317 2930 360 2964 et
391 2924 454 2975 M,
488 2922 563 2965 del.
600 2923 821 2966 Manutms
990 2927 1038 2965 18
1068 2936 1327 2976 magnopere
1361 2923 1521 2964 iudices
1554 2923 1621 2963 P:
1651 2936 1802 2974 magno
1821 2936 1866 2975 p
1911 2934 1917 2966 t

235 2979 398 3020 iudices
430 2955 494 3020 S:
523 2992 620 3031 mag
591 2992 782 3031 gnopere
818 2980 896 3019 i..
923 3009 931 3019 .
956 3009 966 3019 .
992 2978 1044 3018 M
1241 2992 1294 3021 20
1322 2978 1456 3019 effusa
1490 2982 1535 3028 Σ,
1568 2991 1667 3020 corr.
1702 2977 1868 3030 Heinn‘
1912 3000 1919 3029 ¹.
1984 3004 1988 3011 -

236 3047 287 3085 23
317 3033 357 3074 A
378 3032 474 3074 add.
498 3031 556 3074 ed.
579 3032 678 3074 Ald.
844 3048 896 3083 24
927 3040 1197 3074 enumeraret
1218 3036 1262 3085 Σ,
1287 3046 1384 3074 corr.
1406 3032 1464 3074 ed.
1490 3032 1626 3085 Lugd.
