1988 3334
675 106 750 154 IN
793 67 1269 155 MILONIANAM
1742 123 1804 169 39

72 251 140 309 20:
179 249 231 296 P.
261 246 436 296 Fulvio
463 247 664 297 Nerato,
740 245 1024 294 Postulatus
1056 253 1224 294 autem
1259 254 1362 294 erat
1387 253 1436 294 et
1461 246 1526 295 de
1551 245 1802 295 sodaliciis

102 347 103 350 ¹
137 337 173 378 t
196 329 261 379 de
285 327 478 378 ambitu
511 344 570 378 ea
601 343 703 392 spe,
729 327 860 391 quod
886 325 1103 391 primum
1136 325 1378 376 iudicium
1411 327 1476 377 de
1501 326 1548 376 vi
1582 328 1800 377 futurum

13 438 18 450 ·
70 464 71 471 χ
164 410 405 474 uparebat,
441 425 543 474 quo
576 424 691 460 eum
728 410 1021 460 damnatum
1055 407 1111 457 iri
1145 408 1469 459 confidebant
1502 425 1596 459 nec
1629 418 1802 473 postea

68 548 70 592 Ξ
116 568 124 587 ”
191 572 447 623 Divinatio
471 574 537 623 de
560 571 753 622 ambitu
784 579 1131 620 accusatorum
1164 572 1294 620 facta
1323 579 1398 621 est
1431 570 1712 635 quaesitore
1737 574 1797 620 A.

66 641 70 713 f
91 675 94 677 “
120 656 393 719 Torquat0,
419 663 570 719 atque
601 653 753 703 ambo
785 651 1109 717 quaesitores,
1133 653 1418 722 Torquatus
1444 661 1494 703 et
1528 645 1796 715 DomitiuS,

65 750 75 790 ¹.
96 728 101 762 s
120 736 244 802 prid.
273 737 322 786 N
325 751 405 786 on.
433 734 590 800 April.
617 751 757 784 reum
790 735 967 784 adesse
991 733 1252 783 iusserunt.
1328 735 1447 797 Quo
1470 733 1555 784 die
1580 733 1709 784 Milo
1733 737 1799 785 ad

64 847 65 855 κ
104 817 314 868 'Domiti
338 817 554 867 tribunal
577 816 725 876 venit,
753 817 819 867 ad
851 815 1095 880 Torquati
1119 815 1309 866 amicos
1334 815 1500 877 misit,
1535 815 1605 865 ibi
1634 824 1801 880 postu-

70 894 89 957 J
137 908 253 950 ante
277 915 368 964 pro
392 915 454 949 eo
481 901 552 949 M.
583 900 826 948 Marcello
851 896 1069 948 obtinuit
1102 914 1167 947 ne
1199 897 1333 962 prius
1367 913 1569 947 causam
1603 899 1668 948 de
1699 915 1800 947 am—

0 1000 1 1025 }
68 973 226 1033 '†·bitu
259 980 446 1032 diceret
481 997 633 1045 quam
666 981 731 1031 de
760 980 808 1030 vi
840 978 1081 1030 iudicium
1115 988 1246 1029 esset
1280 981 1570 1044 perfectum.
1645 982 1798 1043 Apud

0 1067 2 1088 ³
120 1063 401 1114 Domitium
458 1072 627 1113 autem
679 1061 1012 1127 quaesitorem
1068 1061 1226 1112 maior
1276 1062 1472 1126 Appius
1530 1063 1799 1126 postulavit

189 1145 383 1196 Milone
430 1161 596 1195 servos
650 1143 870 1195 exhiberi
917 1160 1127 1193 numero
1172 1159 1251 1192 1111
1289 1153 1340 1193 et
1382 1159 1426 1204 L,
1466 1152 1515 1193 et
1557 1160 1673 1193 cum
1715 1143 1798 1194 ille

57 1217 66 1282 s
91 1230 95 1234 '
115 1235 315 1292 negaret
334 1243 420 1278 eos
440 1226 525 1291 qui
544 1226 932 1277 nominabantur
951 1225 1001 1274 in
1023 1242 1111 1275 sua
1130 1234 1377 1290 potestate
1396 1242 1518 1286 esse,
1543 1226 1796 1276 Domitius

80 1347 93 1379 3
116 1324 177 1358 ex
209 1308 454 1359 sententia
486 1307 709 1359 iudicum
746 1306 1084 1372 pronuntiavit
1120 1317 1174 1357 ut
1211 1325 1271 1358 ex
1303 1323 1557 1357 servorum
1592 1324 1794 1358 suorum

65 1404 326 1441 numero
357 1399 616 1441 accusator
647 1399 771 1454 quot
796 1391 944 1439 vellet
977 1390 1159 1440 ederet.
1235 1389 1387 1440 Citati
1424 1388 1609 1440 deinde
1645 1399 1795 1440 testes

84 1478 86 1482 ’
114 1475 393 1524 secundum
430 1476 590 1537 legem
623 1489 766 1536 quae,
794 1481 849 1522 ut
881 1488 1029 1536 supra
1064 1471 1293 1533 diximUS‚
1330 1471 1535 1522 iubebat
1571 1481 1625 1522 ut
1661 1472 1795 1537 prius

88 1583 96 1610 ;
115 1572 267 1621 quam
303 1571 453 1606 causa
488 1564 712 1620 ageretur
748 1563 899 1604 testes
941 1570 1029 1618 per
1063 1553 1284 1604 triduum
1320 1554 1622 1616 audirentur,
1661 1554 1795 1605 dicta

113 1655 285 1689 eorum
322 1638 512 1688 iudices
550 1636 912 1702 consignarent,
935 1646 1110 1701 quarta
1133 1635 1216 1687 die
1240 1639 1417 1687 adesse
1447 1653 1622 1687 omnes
1660 1637 1795 1688 iube-

49 1751 51 1763 ε
114 1729 281 1771 rentur
309 1737 367 1771 ac
397 1737 566 1771 coram
590 1729 879 1770 accusatore
907 1736 967 1769 ac
1003 1736 1088 1769 reo
1123 1719 1253 1784 pilae
1286 1719 1338 1768 in
1371 1719 1555 1784 quibus
1588 1719 1795 1770 nomina

56 1818 68 1856 f
98 1810 99 1814 ’
114 1801 337 1853 iudicum
374 1802 608 1867 inscripta
641 1810 807 1853 essent
838 1809 1171 1865 aequarentur
1189 1820 1202 1862 ,-
1243 1800 1361 1851 dein
1396 1818 1561 1851 rursus
1595 1811 1792 1866 postera

57 1882 196 1947 1die
237 1882 428 1934 sortitio
468 1882 692 1933 iudicum
735 1884 874 1933 fieret
915 1882 1063 1933 unius
1105 1891 1154 1933 et
1198 1887 1372 1933 L'xxx:
1422 1883 1509 1947 qui
1556 1900 1792 1934 numerus

44 2000 47 2034 „¹
112 1981 228 2015 cum
265 1974 396 2016 sorte
432 1964 702 2029 obtigisset,
741 1964 836 2030 ipsi
872 1964 1100 2030 protinus
1136 1981 1329 2015 sessum
1365 1964 1493 2015 irent
1510 1984 1524 2027 3
1583 1974 1690 2015 tum
1725 1969 1791 2017 ad

43 2099 59 2109 ,
87 2048 384 2100 dicendum
419 2056 678 2098 accusator
713 2048 838 2097 duas
875 2049 1037 2108 horaS‚
1075 2064 1188 2098 reus
1225 2056 1322 2098 tres
1358 2047 1577 2109 haberet,
1613 2064 1792 2112 resque

52 2144 81 2193 3(
110 2130 292 2180 eodem
327 2128 410 2180 die
446 2129 531 2179 illo
567 2128 897 2191 iudicaretur,
949 2129 1085 2194 prius
1120 2137 1288 2179 autem
1326 2145 1477 2193 quam
1514 2130 1791 2180 sententiae

41 2205 58 2268 Ῐζ·
110 2211 363 2272 ferrentur,
402 2210 584 2275 quinos
619 2227 680 2261 ex
721 2210 925 2275 singulis
968 2210 1228 2261 ordinibus
1263 2221 1535 2273 accusator,
1577 2212 1788 2263 totidem

53 2283 99 2329 Γ
112 2308 221 2342 reus
269 2291 488 2353 reiceret,
532 2292 600 2342 ita
646 2300 702 2342 ut
749 2308 986 2342 numerus
1034 2291 1258 2342 iudicum
1301 2293 1660 2358 relinqueretur
1702 2295 1788 2359 qui
1813 2305 1878 2355 35

50 2387 65 2416 ³·
110 2373 379 2424 sententias
403 2374 584 2424 ferrent
609 2373 969 2438 quinquaginta
994 2382 1042 2424 et
1066 2391 1208 2424 unus.

37 2507 55 2560 j
168 2516 186 2543 1
219 2505 410 2545 suluione
441 2511 535 2545 rato
568 2508 612 2555 Σ,
650 2518 750 2545 corr.
786 2504 975 2557 Poggius
1207 2519 1232 2544 2
1271 2507 1384 2556 quod
1423 2506 1520 2547 add.
1564 2507 1788 2548 Manutius

55 2576 62 2596 :
107 2571 138 2611 -3
162 2558 271 2611 quo]
293 2560 406 2611 quod
426 2559 615 2612 Poggius
756 2559 806 2598 iri
825 2559 869 2598 P
886 2574 895 2599 ε
924 2560 967 2599 ἰη
988 2558 1078 2600 SM
1241 2572 1266 2610 5
1294 2568 1524 2611 quaestore
1546 2567 1590 2609 Σ,
1607 2577 1709 2604 corr.
1723 2563 1784 2605 ed.

51 2621 65 2657 ·1
81 2613 209 2655 .·Αῖιί.
233 2616 309 2666 (ita
330 2614 447 2665 mox)
559 2614 586 2653 8
616 2613 827 2654 tribunale
848 2616 894 2663 Σ,
915 2627 1013 2656 corr,
1035 2613 1093 2654 ed.
1123 2614 1222 2656 Ven.
1336 2616 1431 2656 misi
1453 2616 1528 2656 tibi
1550 2617 1588 2656 S
1737 2631 1787 2658 10

86 2675 203 2708 erat
222 2673 267 2717 Σ,
288 2682 387 2709 corr.
412 2667 618 2708 Beraldus
796 2681 844 2718 14
874 2681 1047 2708 suorum
1067 2669 1118 2717 ς’,
1144 2668 1370 2722 Wagener:
1401 2683 1547 2710 eorum
1570 2676 1600 2712 Σ
1736 2685 1784 2723 15

55 2726 72 2771 fi
107 2729 213 2774 quot
232 2723 298 2764 P:
326 2724 439 2774 quod
459 2722 550 2763 SM
668 2723 790 2762 tutati
805 2727 849 2774 Σ,
868 2736 968 2764 corr.
985 2723 1177 2775 Poggius
1336 2725 1384 2764 18
1414 2726 1716 2767 confirmarent
1738 2732 1783 2775 Σ,

34 2807 36 2811 -
56 2787 97 2847 52
112 2790 211 2819 oerr.
227 2776 450 2818 Manutius
531 2778 702 2830 omnes]
726 2778 768 2816 in
783 2778 896 2817 diem
912 2783 1127 2828 posterum
1145 2777 1240 2819 add.
1255 2782 1299 2830 Σ,
1315 2779 1389 2820 del.
1409 2779 1626 2820 Eberhard
1732 2795 1780 2822 21

71 2850 91 2886 ᾗ
108 2843 198 2872 unx
228 2838 271 2884 Σ,
293 2846 395 2872 corr.
416 2832 476 2873 ed.
499 2831 612 2874 lunt.
811 2845 863 2871 22
892 2832 1106 2883 attigisset
1127 2837 1172 2884 Σ,
1195 2846 1294 2875 corr.
1319 2834 1544 2874 Manutius
1701 2837 1781 2887 ipsi

33 2892 85 2964 ³}
112 2885 325 2950 Poggius:
354 2888 389 2927 is
422 2888 461 2926 ei
494 2891 553 2928 Σε
585 2889 623 2927 ei
658 2886 864 2950 Bfraldus
1044 2901 1096 2938 23
1126 2900 1281 2939 resque
1313 2888 1505 2951 Richter:
1536 2902 1720 2952 reusque
1752 2895 1783 2932 Σ

63 2972 82 3000 ¹3
113 2943 165 2980 26
194 2940 510 2992 relinqueretur
530 2940 596 2981 P:
628 2942 975 2992 relinquerentur
994 2940 1082 2980 SM
1189 2956 1240 2993 27
1271 2956 1649 2994 qumquagesnnus
1670 2951 1712 2984 et
1733 2950 1764 2986 Σ
