1988 3334
653 103 729 152 IN
769 102 1218 152 PISONIANAM
1742 117 1768 167 5

165 238 289 303 Quis
337 239 480 290 fuerit
528 256 667 292 socer
716 239 910 291 Pisonis
958 238 1108 305 patris
1165 239 1271 306 ipse
1332 258 1480 306 supra
1526 240 1648 292 dixit
1697 241 1772 291 his

42 321 47 325 ⁴
78 320 286 373 verbis:

168 402 421 453 Insuber
457 401 698 467 quidam
736 402 861 463 fuit,
906 402 1061 454 idern
1101 413 1395 454 mercator
1431 413 1488 455 et
1524 421 1772 469 praeco:

52 483 56 527 ἱ
99 486 145 538 is
191 501 319 535 cum
362 486 607 535 Romam
650 501 780 534 cum
824 482 954 535 filia
995 485 1274 547 venisset,
1317 487 1771 537 adulescentem

52 589 70 638 j.
98 565 373 628 nobilem,
431 566 759 618 Caesonini
812 566 1073 618 hominis
1127 568 1492 619 furacissimi
1557 568 1769 629 filium,

53 685 55 703 ι
98 665 274 703 ausus
315 657 406 699 est
447 651 765 714 appellare,
803 651 964 714 eique
998 650 1188 701 filiam
1226 651 1566 702 collocavit.
1643 653 1773 703 Cal-

1 739 3 742 ’
52 740 56 849 Ι
99 719 360 784 sentium
398 730 566 781 aiunt
605 748 733 781 eum
773 734 1159 797 appellatum.

53 863 55 877 .
104 832 107 834 ·
167 811 328 878 Ipsius
377 811 570 863 Pisonis
619 823 791 864 contra
839 831 989 879 quem
1038 816 1164 865 haec
1211 815 1369 867 oratio
1417 825 1492 866 est
1544 831 1772 866 socerum

53 886 55 906 ¹
101 891 341 948 Rutilium
390 896 599 946 Nudum
648 898 928 947 Fenestella
975 897 1136 947 tradit.
1233 897 1412 949 Cicero
1460 896 1612 949 filiam
1660 907 1774 964 post

0 978 2 985 '
60 986 306 1031 ..mortem
345 976 538 1028 Pisonis
580 978 747 1043 generi
785 982 838 1029 P.
879 981 1096 1030 Lentulo
1133 981 1409 1044 collocavit,
1448 983 1584 1047 apud
1621 998 1772 1046 quem

96 1056 180 1130 {lla
202 1077 262 1111 ex
285 1069 426 1125 partu
452 1060 678 1111 decessit.

468 1217 606 1266 CIR.
635 1217 793 1265 VER.
824 1218 868 1265 A
907 1218 1141 1267 PRIMO
1180 1219 1416 1269 CCLXX
1793 1235 1825 1286 5

94 1330 137 1395 ss*
163 1325 209 1392 (ξ
238 1325 307 1392 4.)
348 1327 456 1391 Ego
492 1325 544 1375 in
583 1327 639 1377 C.
683 1325 890 1376 Rabirio
926 1326 1285 1391 perduellionis
1318 1345 1399 1377 reo
1434 1343 1588 1378 xxxx
1624 1329 1771 1379 annis

52 1450 55 1465 .
86 1400 210 1459 ⁴'ante
235 1425 314 1458 me
339 1410 596 1459 consulem
614 1408 956 1473 interpositam
977 1418 1177 1459 senatus
1193 1410 1539 1461 auctoritatem
1560 1411 1772 1461 sustinui

51 1498 267 1558 ¹,trontra
289 1489 528 1541 invidiam
553 1500 703 1555 atque
729 1491 945 1541 defendi.

163 1571 325 1623 Possit
370 1572 549 1638 aliquis
602 1574 804 1623 credere
862 1590 1028 1622 errare
1077 1573 1389 1635 Ciceronem,
1441 1576 1580 1639 quod
1639 1575 1773 1626 dicat

52 1645 55 1692 l
97 1654 417 1720 quadraginta
452 1654 595 1705 annis
631 1657 818 1706 factum
856 1672 964 1706 esse
1000 1664 1058 1705 ut
1091 1674 1150 1706 ex
1187 1659 1234 1707 S.
1272 1658 1328 1708 C.
1358 1674 1501 1706 arma
1537 1660 1772 1708 adversus

52 1696 55 1772 l
98 1732 151 1786 L.
200 1736 505 1801 Appuleium
554 1737 875 1787 Saturninum
933 1737 1188 1788 tribunum
1236 1737 1396 1803 plebis
1445 1749 1769 1790 sumerentur.

52 1785 55 1878 i
98 1811 154 1869 C.
181 1817 313 1868 enim
352 1818 514 1869 Mario
549 1821 603 1869 L.
647 1820 835 1869 Valerio
866 1836 990 1870 coss
1028 1819 1080 1870 id
1117 1828 1346 1870 senatum
1371 1823 1653 1883 decrevisse,
1689 1825 1779 1886 qui

52 1880 69 1988 i'
97 1897 219 1951 coss.
247 1903 393 1951 annis
416 1911 532 1952 ante
557 1904 874 1952 consulatum
901 1902 1159 1954 Ciceronis
1184 1918 1375 1953 xxxvn
1387 1904 1596 1967 fuerint.
1672 1907 1772 1956 Sed

53 2028 55 2051 ἒ
98 1980 177 2042 hic
208 2000 310 2034 non
343 1984 537 2034 subtilis
570 1984 880 2050 computatio
912 2003 1157 2036 annorum
1184 1988 1314 2037 facta
1339 1995 1413 2037 est
1438 2004 1609 2037 verum
1643 2005 1773 2038 sum-

0 2112 4 2149 ῖ
53 2107 56 2143 ἓ
99 2100 110 2163 f
154 2126 172 2152 1
204 2120 328 2166 pater
344 2118 387 2165 Σ,
412 2127 512 2155 corr.
535 2113 759 2155 Manutius
889 2116 982 2167 ipse
1003 2129 1084 2157 om.
1107 2115 1144 2156 S
1281 2129 1307 2166 3
1338 2117 1507 2157 intuber
1527 2121 1570 2170 Σ,
1595 2131 1696 2159 corr.
1711 2118 1772 2159 ed.

53 2145 56 2224 l
136 2181 197 2209 en.
308 2183 333 2219 4
363 2169 451 2210 filio
473 2173 517 2219 Σ,
538 2183 636 2210 corr.
658 2169 885 2210 Manutius
1015 2183 1040 2221 5
1070 2171 1313 2211 caesoniani
1336 2175 1379 2224 Σ,
1403 2185 1502 2214 corr.
1528 2171 1771 2213 Mommsen

54 2238 56 2249 ·
115 2268 120 2275 .
162 2222 367 2275 galissimi
381 2224 536 2264 Rinkes
727 2226 755 2264 6
784 2225 908 2276 eique
928 2225 1111 2265 Rinkes:
1140 2239 1225 2266 om.
1248 2229 1279 2267 Σ
1418 2227 1705 2268 caluentinum
1724 2234 1768 2278 Σ,

54 2287 55 2317 l
88 2274 263 2323 mmcd.
279 2278 380 2320 Ald.
402 2279 690 2332 (Calventium
713 2310 722 2320 .
748 2310 757 2319 .
783 2310 792 2320 .
820 2280 1079 2332 appellatum
1103 2280 1285 2321 Ciceroni
1303 2281 1476 2321 reddidit
1490 2282 1613 2334 Rau)
1745 2285 1772 2322 8

164 2333 228 2373 ius
257 2331 461 2386 Madvig:
491 2335 636 2385 sepius
670 2338 701 2374 Σ
949 2350 978 2387 9
1009 2335 1236 2388 Rutilium]
1271 2335 1449 2376 Atilium
1484 2337 1580 2378 add.
1614 2341 1656 2389 Σ,
1693 2337 1770 2378 del.

54 2414 56 2424 ,
104 2387 339 2442 ’,νιηῖεοηίιιε
459 2390 588 2429 tradit
606 2388 674 2429 P:
704 2390 814 2429 tradi
833 2388 924 2430 SM
1087 2403 1132 2429 11
1166 2391 1352 2431 decessit
1372 2391 1438 2431 P:
1469 2392 1665 2432 discessit
1684 2392 1775 2433 SM

179 2442 416 2494 perduellio
438 2473 622 2484 ......
656 2447 699 2492 Σ,
720 2444 857 2496 suppl.
877 2460 905 2484 π
923 2458 972 2484 ex
994 2444 1179 2484 Cicerone
1395 2459 1442 2496 14
1472 2447 1769 2498 interpositam

54 2545 55 2550 ¹
117 2500 180 2536 .-ta
198 2496 300 2550 SM)
323 2527 648 2539 ..........
673 2499 715 2550 (7
739 2499 812 2539 litt.
834 2500 889 2550 P)
913 2505 944 2541 Σ
965 2504 1106 2539 contra
1129 2500 1357 2540 Ciceronem
1439 2506 1441 2508 ’
1484 2515 1533 2552 15
1566 2502 1768 2542 invidiam

54 2567 56 2594 ι
99 2585 104 2596 .
142 2550 151 2559 ’
166 2565 202 2591 .:
234 2581 490 2594 ........
516 2554 560 2604 (5
581 2554 655 2594 litt.
678 2554 735 2605 P)
758 2554 961 2594 inuidiam
979 2558 1009 2596 Σ
1142 2557 1192 2594 16
1221 2568 1369 2596 errare
1389 2556 1470 2597 KS
1487 2572 1496 2596 :
1528 2586 1714 2597 ......
1739 2561 1770 2599 Σ

54 2599 57 2668 ᾗ
95 2611 149 2658 ξ’]
177 2607 299 2647 annis
329 2607 445 2648 PM:
487 2638 671 2649 ......
706 2608 744 2647 S
880 2615 926 2649 ut
956 2609 1157 2661 Poggius,
1192 2610 1271 2650 M:
1301 2625 1384 2651 om.
1421 2610 1512 2650 ΞΡ1
1652 2625 1770 2652 arma

54 2674 55 2677 ¹
97 2659 300 2758 &versus
317 2662 398 2702 KS
412 2677 422 2702 ι
453 2693 708 2703 ........
735 2670 777 2713 (5
797 2663 873 2703 litt.
892 2663 965 2715 M)
987 2664 1079 2703 PM
1093 2680 1103 2704 ι
1133 2677 1286 2705 uersus
1306 2664 1344 2705 S
1528 2667 1578 2705 18
1607 2665 1767 2718 Appul.

100 2716 103 2723 ’
151 2729 162 2755 e
187 2715 299 2767 apul.
321 2716 410 2757 SM
515 2723 566 2758 tr.
592 2718 648 2768 pl.
673 2717 740 2758 P:
771 2747 781 2758 .
807 2748 817 2758 .
843 2748 852 2758 .
878 2749 887 2759 .
911 2718 1050 2771 plebis
1070 2718 1132 2759 S:
1160 2733 1261 2760 num
1283 2727 1336 2762 tr.
1353 2719 1397 2771 pl
1403 2750 1545 2761 .....
1569 2721 1772 2772 plebisM

0 2805 4 2812 .
55 2795 58 2810 »
96 2776 372 2818 numerentur
391 2775 434 2824 Σ,
459 2786 558 2813 corr.
582 2772 664 2812 KS
872 2787 922 2825 19
950 2774 1041 2814 ario
1061 2773 1172 2814 PlM
1185 2789 1194 2814 ε
1225 2804 1235 2815 .
1260 2804 1270 2816 .
1295 2805 1305 2815 .
1330 2804 1340 2815 .
1364 2775 1410 2827 S,
1444 2788 1543 2816 corr.
1579 2776 1768 2829 Poggius

54 2841 57 2879 ⁴]
98 2816 335 2866 1..Valerio
355 2826 558 2868 Lodoicus
577 2842 588 2867 ε
616 2840 671 2868 CN
694 2827 744 2881 (Ν
763 2827 817 2881 S)
843 2858 1030 2870 ......
1060 2830 1134 2882 (10
1155 2829 1228 2870 litt.
1254 2830 1312 2882 S)
1335 2833 1367 2872 Σ
1550 2844 1683 2883 19-20
1711 2832 1765 2873 ad

55 2883 58 2920 ὲ
97 2885 288 2920 senatum
327 2882 455 2922 decre
476 2912 487 2923 .
511 2913 521 2923 .
548 2913 558 2923 .
586 2913 594 2923 .
618 2896 694 2923 eos
714 2913 723 2923 .
749 2913 758 2923 .
784 2912 794 2924 .
819 2885 875 2922 εὖ
908 2889 1157 2925 consuetum
1200 2885 1413 2925 ciceronis
1435 2914 1756 2926 ............

96 2930 158 2973 S:
185 2947 266 2974 om.
287 2935 379 2975 PM
394 2951 404 2976 :
433 2937 566 2989 suppl.
587 2937 669 2978 KS
834 2951 884 2978 21
916 2951 1124 2979 annorum
1144 2938 1260 2979 PM:
1291 2969 1477 2980 ......
1500 2941 1537 2980 S
