1988 3334
873 97 1277 147 PRAEFATIO

239 226 470 275 stantiam
505 226 716 276 missuS.¹
790 228 1019 276 Declarat
1056 225 1351 290 subscriptio
1377 243 1505 290 quae
1537 227 1588 275 in
1622 228 1732 276 cod.
1762 228 1904 276 Laur.
1942 223 1943 226 ’

239 321 337 357 mv,
369 322 394 371 5
424 306 532 374 (M)
557 317 725 358 exstat.

308 391 447 439 Finis
510 393 901 453 argumentorum
964 391 1276 452 quarundam
1334 391 1608 440 orationum
1672 391 1912 441 Ciceronis
1950 377 1962 390 Ἀ

239 488 400 520 eorum
441 489 562 535 quae
598 473 869 522 invenimus
914 474 967 521 in
1008 473 1313 521 Monasterio
1352 469 1431 522 St?
1471 473 1616 524 Galli
1651 488 1772 535 quae
1809 473 1916 523 licet
1955 512 1957 514 .

239 554 509 616 imperfecta
533 561 580 602 et
600 555 652 603 in
675 555 994 617 compluribus
1017 555 1127 603 locis
1149 561 1375 618 corrupta
1399 571 1492 603 esse
1514 556 1786 615 videantur,
1815 570 1910 602 non
1947 550 1951 563 ⁷
1974 570 1977 580 ·

239 636 510 683 mediocrem
536 642 694 683 tamen
718 636 827 683 bene
857 636 1154 684 studentibus
1177 641 1413 698 poterunt
1440 637 1698 685 utilitatem
1723 634 1909 699 afferre.

238 717 339 766 Die
363 732 438 765 xx
462 717 592 766 Iulii
611 731 894 766 Mccccxvl.
962 718 1029 766 B.
1054 719 1110 766 de
1134 718 1551 781 Montepoliciano,
1976 776 1979 780 ¹

309 797 411 847 Hic
469 799 629 848 codex
687 797 840 863 ipsius
906 798 1286 859 Bartholomaei,
1349 798 1490 849 cuius
1547 799 1911 862 autographum
1946 798 1979 844 ⁴.

239 878 439 928 exhibet
488 881 630 929 Laur.
676 894 745 928 xc
788 896 893 943 sup.
939 879 1040 940 42‚²
1082 896 1234 928 manu
1282 878 1491 944 scriptus
1538 896 1641 928 non
1689 888 1777 940 est,
1821 880 1911 929 sed

240 959 525 1024 calligraphi
584 960 859 1020 cuiusdam,
914 976 1065 1023 quem
1124 959 1525 1010 indoctissimum
1584 959 1734 1010 fuisse
1793 959 1910 1010 satis
1950 966 1952 970 ’

239 1050 451 1105 arguunt
486 1041 590 1116 loci
632 1041 835 1106 quidam
879 1059 938 1091 ex
974 1041 1197 1106 quinque
1234 1041 1562 1092 Ciceronibus
1604 1040 1911 1092 orationibus
1950 1037 1982 1092 ἰ

240 1120 528 1186 (Rosciana,
580 1122 890 1183 Cluentiana‚
943 1123 1254 1183 Mureniana,
1307 1122 1556 1184 Caeliana,
1609 1122 1912 1188 Miloniana)

240 1203 346 1253 sine
378 1203 532 1252 titulis
565 1213 614 1253 et
647 1203 772 1253 miro
802 1204 976 1254 ordine
1005 1205 1070 1253 ab
1095 1206 1275 1254 eodem
1301 1204 1481 1269 scripti.
1556 1206 1670 1253 Hos
1695 1221 1723 1253 e
1747 1213 1912 1254 vetere
1980 1223 1983 1254 ;

240 1285 573 1346 Cluniacensi,
601 1302 751 1349 quem
787 1302 921 1334 anno
963 1300 1087 1350 1415
1126 1286 1178 1335 in
1204 1286 1366 1336 Gallia
1401 1285 1655 1335 invenerat
1680 1285 1909 1349 Poggius,
1955 1318 1983 1337 ιι

239 1366 540 1431 excerpsisse
586 1367 780 1417 videtur
822 1369 1247 1428 BartholomaeuS,
1288 1385 1347 1418 ex
1385 1367 1491 1417 eius
1527 1367 1725 1417 schedis
1773 1367 1912 1418 folio-

240 1466 348 1497 rum
397 1448 748 1512 Sibyllinorum
796 1447 848 1497 in
897 1450 1104 1498 modum
1147 1448 1381 1512 dispersis
1423 1448 1605 1498 nullius
1653 1447 1912 1498 doctrinae

239 1531 574 1579 homunculus
611 1529 949 1594 transcripsit.⁸

306 1610 531 1661 Tertium
583 1612 925 1675 apographum
984 1610 1198 1661 confecit
1253 1612 1574 1672 SozomenuS‚
1626 1610 1912 1662 Canonicus

240 1691 566 1753 PistoriensiS‚
609 1693 747 1756 quod
794 1692 921 1742 inter
962 1692 1067 1742 eius
1109 1692 1259 1742 libros
1307 1692 1358 1740 in
1401 1691 1705 1742 bibliotheca
1747 1694 1914 1743 Forte-
1953 1682 1955 1686 Α
1986 1685 1988 1718 l

239 1773 496 1839 guerriana
543 1772 699 1839 (num.
753 1774 837 1838 37)
885 1773 1036 1823 hodie
1092 1773 1287 1823 Pistorii
1340 1782 1557 1823 servatur
1604 1772 1703 1837 (S).
1788 1774 1913 1825 Sub·
1950 1819 1951 1822 ,
1986 1818 1988 1824 ,

241 1855 560 1920 scriptionem
598 1856 728 1904 hanc
764 1855 945 1904 habet:
1980 1851 1981 1856 ’

307 1938 449 1987 Finis
472 1942 864 1999 argumentorum
889 1939 1195 1999 quorundam
1221 1938 1495 1987 orationum
1526 1937 1767 1987 Ciceronis
1787 1952 1913 1999 quae

239 2020 511 2070 invenimus
534 2020 586 2068 in
610 2019 914 2067 Monasterio
939 2015 1019 2069 Sti
1042 2020 1194 2080 Galli,
1221 2020 1352 2081 quod
1370 2033 1441 2067 xv
1466 2019 1659 2067 milibus
1677 2025 1915 2081 passuum.
1985 2050 1987 2059 w

241 2118 271 2149 α
318 2101 605 2152 Constantia
646 2106 874 2148 remotum
913 2107 990 2149 est.
1035 2101 1183 2151 τέλος.
1225 2114 1261 2147 Χ
1303 2101 1388 2148 Kl.
1433 2094 1563 2161 Αὰξν.
1607 2112 1905 2149 Mccccxvn.
1954 2132 1957 2146 ,-

243 2183 569 2232 Constantine.

307 2262 519 2313 Videtur
554 2264 858 2312 Sozomenus
892 2264 967 2312 vel
1005 2278 1107 2311 non
1144 2261 1308 2311 statim
1346 2260 1675 2325 Sangallensis
1712 2260 1909 2325 copiam
1949 2323 1951 2326 Α

240 2343 486 2404 habuisse,
531 2345 608 2393 vel
647 2345 895 2407 exemplar
942 2360 1092 2392 manu
1136 2341 1380 2392 velociore
1428 2343 1612 2391 factum
1660 2358 1793 2391 anno
1841 2342 1909 2392 in·
1954 2359 1956 2362 ·

240 2424 466 2489 sequenti
503 2426 652 2488 paulo
688 2423 867 2474 lentius
904 2423 1227 2475 Constantiae
1262 2422 1636 2486 transcripsisse.

310 2508 351 2554 E
378 2504 635 2555 codicibus
660 2504 1016 2554 recentioribus
1042 2521 1169 2554 unus
1195 2512 1388 2553 tanturn
1416 2502 1564 2552 Paris.
1591 2505 1718 2566 7833
1746 2503 1823 2569 (σ)
1847 2520 1906 2553 ex

242 2589 283 2637 S
308 2585 554 2636 derivatus
580 2588 688 2646 est,⁴
714 2587 878 2636 nullus
904 2595 1144 2649 quantum
1180 2584 1282 2634 scio
1316 2601 1431 2634 cum
1462 2585 1536 2633 M
1556 2584 1905 2647 cognationem

294 2760 308 2782 ¹
340 2759 384 2798 F.
407 2757 581 2798 Barbari
603 2756 821 2808 Epistulae
846 2770 880 2798 1.
909 2770 943 2797 1.

295 2814 312 2839 ‘²
342 2812 546 2854 Continet
565 2811 835 2851 miscellanea
855 2812 1062 2862 quaedam
1084 2811 1136 2851 ab
1158 2823 1211 2850 eo
1231 2809 1510 2850 Constantiae
1529 2809 1698 2860 scripta.

251 2864 254 2866 ’
294 2869 310 2891 ³
338 2867 563 2908 Anecdota
584 2866 866 2916 Oxoniensia‚
885 2865 1090 2905 Classical
1113 2865 1273 2915 Series,
1294 2877 1335 2906 x.
1361 2877 1401 2915 p.
1429 2863 1497 2904 vii.

294 2923 308 2946 ⁴
340 2922 423 2962 Hic
456 2921 594 2961 codex
626 2921 804 2961 eandem
845 2933 968 2970 quam
1006 2918 1058 2958 M
1091 2919 1447 2970 subscriptionem
1487 2918 1614 2957 habet
1657 2918 1758 2970 (nisi
1788 2919 1901 2968 quod

1028 2989 1107 3038 xiv
