1988 3334
660 122 735 171 IN
776 120 1251 171 MILONIANAM
1722 131 1780 180 37

103 67 127 86 ,ιιι

102 93 110 115 .‘

58 165 59 177 l

0 286 3 291 ι
58 297 60 324 ,
101 289 125 325 1
179 261 376 313 Deinde
410 263 461 311 Τ.
501 259 767 311 Munatius
794 261 1008 310 Plancus
1033 257 1261 308 tribunus
1291 256 1451 322 plebis
1488 256 1783 320 produxerat

58 349 60 408 ζ
103 343 162 401 »in
186 343 473 395 contionem
502 345 573 392 M.
601 341 874 393 Aemilium
908 339 1272 401 Philemonem,
1300 347 1477 388 notum
1511 337 1786 398 hominem,

58 479 59 495 χ
99 422 340 490 (libertum
398 426 469 473 M.
522 423 714 488 Lepidi.
809 425 866 472 Is
921 439 973 472 se
1029 421 1231 472 dicebat
1286 419 1567 486 pariterque
1615 435 1784 468 secum

5 543 7 548 .
57 497 61 564 ἓ
100 514 342 574 'quattuor
382 504 564 555 liberos
606 503 836 554 homines
877 503 969 553 iter
1010 502 1248 553 facientes
1285 500 1629 567 supervenisse
1672 517 1784 549 cum

6 619 7 625 ,
58 602 99 638 ἰ
99 583 318 663 Clodius
344 586 666 647 occideretur,
695 594 743 636 et
776 586 843 635 ob
876 585 928 635 id
964 602 1080 635 curn
1113 586 1517 649 proclamassent,
1554 583 1787 646 abreptos

58 718 60 734 ι
97 634 160 725 iet
194 670 461 735 perductos
494 685 581 733 per
617 669 744 718 duos
788 684 985 717 menses
1019 666 1069 716 in
1102 666 1218 716 villa
1261 664 1467 716 Milonis
1504 666 1787 729 praeclusos

57 740 60 774 ‘¹
124 750 290 814 isse,
279 769 289 780 ·
344 767 503 815 eaque
545 767 621 800 res
669 767 757 800 seu
799 766 915 799 vera
962 766 1050 799 seu
1098 750 1221 798 falsa
1268 764 1501 812 magnam
1549 745 1786 795 invidiam

58 873 59 877 ,
174 832 290 884 iloni
326 841 646 884 contraxerat.
723 833 868 882 Idem
902 848 1105 896 quoque
1141 829 1401 880 Munatius
1435 838 1484 879 et
1519 827 1788 892 Pompeius

3 943 7 964 ι
57 890 61 1017 ἱ
87 915 296 984 [tribuni
327 915 487 980 plebis
522 914 573 963 in
605 923 761 964 rostra
793 915 1128 978 produxerant
1164 912 1472 963 triumvirum
1508 911 1790 976 capitalem,

58 1014 329 1062 eaumque
354 997 771 1061 interrogaverant
794 1013 859 1045 an
894 997 1123 1045 Galatam
1156 993 1363 1044 Milonis
1389 1010 1584 1044 servum
1610 993 1790 1042 caedes

58 1079 59 1139 J
95 1070 376 1132 facientem
401 1077 826 1143 deprehendisset
902 1079 994 1127 Ille
1019 1076 1353 1127 dormientem
1386 1076 1438 1124 in
1463 1076 1669 1125 taberna
1700 1090 1791 1139 pro

58 1174 60 1211 Ι
100 1160 318 1226 fugitivo
353 1161 654 1225 prehensum
693 1169 742 1209 et
777 1161 842 1209 ad
879 1176 932 1209 se
967 1160 1267 1223 perductum
1305 1175 1414 1208 esse
1450 1158 1787 1221 responderat.

96 1243 541 1298 Denuntiaverant
566 1251 734 1292 tamen
759 1241 1028 1302 triumviro,
1056 1259 1120 1291 ne
1146 1258 1341 1292 servum
1366 1240 1666 1290 remitteret·
1703 1241 1792 1290 sed

58 1303 60 1372 i
102 1335 311 1397 [postera
346 1325 428 1376 die
465 1324 665 1376 Caelius
701 1323 928 1374 tribunus
969 1323 1129 1388 plebis
1173 1332 1221 1373 et
1259 1322 1497 1372 Manilius
1532 1323 1792 1373 Cumanus

57 1390 305 1472 ¹&collega
352 1407 457 1458 eius
506 1415 730 1471 ereptum
779 1424 806 1456 e
854 1409 1009 1456 domo
1066 1405 1306 1455 triumviri
1366 1422 1560 1455 servum
1612 1403 1794 1453 Miloni

58 1478 60 1536 i
100 1489 446 1553 {reddiderant
502 1491 661 1550 Haec,
684 1488 775 1538 etsi
794 1490 982 1538 nullam
1002 1487 1158 1538 dehis
1175 1487 1464 1537 criminibus
1485 1486 1793 1537 mentionem

100 1560 231 1637 {fecit
256 1571 447 1632 Cicero,
470 1581 652 1632 tamen,
676 1571 793 1636 quia
817 1570 884 1620 ita
909 1587 1263 1635 compereram,
1286 1570 1455 1634 putavi
1480 1570 1790 1633 exponenda.

0 1708 2 1717 y
58 1664 60 1678 ¹
104 1656 254 1722 {Inter
277 1654 464 1720 primos
489 1663 539 1704 et
558 1656 620 1717 Q.
646 1653 914 1718 Pompeius
941 1662 989 1703 et
1010 1654 1066 1704 C.
1091 1652 1350 1703 Sallustius
1377 1661 1426 1702 et
1450 1655 1508 1701 T.
1534 1651 1793 1701 Munatius
1818 1663 1882 1710 33

103 1737 332 1805 {Plancus
369 1735 554 1786 tribuni
589 1736 749 1800 plebis
786 1735 1151 1785 inimicissimas
1188 1734 1450 1784 contiones
1492 1736 1556 1785 de
1600 1733 1795 1783 Milone

70 1816 384 1882 -,habebant,
430 1817 699 1868 invidiosas
742 1818 892 1868 etiam
940 1819 1004 1868 de
1054 1817 1316 1879 Cicerone,
1358 1819 1497 1881 quod
1547 1816 1794 1866 Milonem

58 1883 60 1899 Ι
103 1897 257 1966 ξωηιο
281 1900 448 1951 studio
468 1902 772 1951 defenderet.
837 1902 1057 1964 Eratque
1083 1899 1298 1949 maxima
1323 1916 1434 1964 pars
1461 1898 1794 1948 multitudinis

59 2047 60 2050 Ἴ
113 1981 310 2051 ¹infensa
333 2000 438 2033 non
462 1984 623 2033 solum
652 1982 834 2032 Miloni
859 1984 947 2032 sed
973 1981 1122 2032 etiam
1156 1991 1357 2047 propter
1389 1981 1602 2031 invisum
1637 1990 1795 2046 patro-

110 2065 305 2126 ,cinium
339 2065 584 2117 Ciceroni.
659 2068 841 2115 Postea
878 2064 1149 2129 Pompeius
1183 2074 1232 2115 et
1266 2064 1524 2115 Sallustius
1558 2064 1610 2113 in
1643 2064 1797 2128 suspi-

75 2227 334 2294 ⁴&Plancus
375 2238 543 2280 autem
585 2228 904 2279 infestissime
946 2228 1171 2293 perstitit,
1210 2237 1360 2293 atque
1403 2227 1454 2277 in
1499 2227 1794 2279 Ciceronem

112 2388 114 2395 >
181 2373 199 2400 1
230 2360 279 2401 T.
303 2359 399 2401 add.
420 2358 502 2400 KS
620 2373 646 2410 3
676 2360 712 2399 is
733 2358 982 2399 Manutius:
1011 2372 1095 2399 om.
1120 2362 1179 2401 Σε
1210 2359 1280 2410 qui
1301 2358 1508 2399 Lodoz‘cus
1631 2359 1794 2410 secum]

83 2421 263 2456 secuta
282 2414 320 2456 S
493 2427 518 2464 4
548 2414 902 2466 insuperuenisse
923 2417 969 2463 Σ,
991 2427 1090 2455 corr.
1113 2414 1338 2454 Manutius
1512 2415 1539 2453 6
1567 2415 1797 2465 perductos

59 2472 61 2476 ’
124 2468 198 2510 del.
232 2469 456 2511 Manutius
484 2469 608 2522 (sort.
631 2470 890 2521 perductos·
880 2483 923 2509 ln
945 2469 1085 2509 villam
1109 2468 1281 2508 Milonis
1303 2481 1382 2520 per
1401 2474 1466 2509 etc.
1490 2470 1644 2521 sicfere
1665 2468 1797 2509 Hoto-

110 2517 245 2579 {mam
384 2523 528 2564 uillam
550 2528 593 2577 Σ,
620 2537 718 2566 corr.
742 2523 879 2564 Halm
1027 2523 1250 2575 perclusos
1271 2523 1308 2564 S
1483 2525 1509 2562 8
1538 2525 1796 2565 conflaverat

59 2607 61 2626 ἶ
112 2577 280 2620 'Rinkes
497 2580 610 2620 idem
655 2592 826 2630 quoque
865 2579 1037 2631 scripsi.
1086 2579 1285 2630 idemque
1325 2584 1383 2621 Σ·
1432 2580 1620 2630 itemque
1659 2578 1796 2619 Halm

107 2623 336 2675 {numatius
357 2638 401 2687 Σ,
423 2647 521 2676 corr.
545 2634 604 2675 ed.
632 2634 741 2674 Ven.
839 2647 866 2684 9
886 2634 1181 2686 perduxerant
1203 2637 1246 2687 Σ,
1271 2647 1371 2675 corr,
1393 2633 1450 2676 ed.
1476 2633 1571 2675 Ven.
1685 2647 1795 2674 com-

111 2683 296 2741 'spitalem
315 2688 358 2728 P
582 2702 632 2730 10
661 2689 830 2729 milonis
850 2689 918 2729 P:
956 2689 1103 2728 miloni
1133 2687 1223 2728 SM
1452 2702 1500 2740 14
1530 2689 1730 2729 caecilius
1750 2693 1791 2741 Σ,

127 2755 224 2786 corr.
264 2741 470 2784 Lodoicus
666 2756 870 2784 cumanus
890 2743 954 2783 S:
984 2756 1184 2784 camanus
1205 2743 1299 2783 PM
1520 2746 1570 2784 16
1599 2744 1796 2784 reddide-

60 2842 61 2859 χ
119 2804 224 2838 >runt
259 2802 304 2850 Σ,
337 2811 436 2839 corr.
475 2797 648 2852 Sauppe
864 2799 944 2838 etsi
978 2796 1213 2838 Lodoicus·
1258 2805 1300 2839 et
1335 2802 1366 2840 Σ
1593 2801 1641 2839 18
1675 2798 1796 2839 Salu—

60 2883 62 2892 ,
126 2852 234 2893 stius
262 2858 292 2896 Σ
323 2854 400 2903 (ita
419 2858 597 2908 semper)
821 2866 874 2894 20
904 2853 1108 2893 inuidiam
1130 2857 1176 2904 Σ,
1198 2866 1298 2895 corr.
1322 2853 1550 2894 Manutius

59 2902 63 2969 ἑ
87 2929 90 2931 -
126 2913 303 2958 eratque
322 2907 575 2949 Manutizus
604 2914 735 2959 atque
756 2912 787 2950 Σ
935 2885 1218 2949 multitudiriis
1239 2908 1323 2949 P¹:
1364 2909 1508 2960 populi
1526 2907 1621 2948 add.
1637 2867 1792 2957 SP²MI,

52 2977 62 2983 ·
126 2959 200 3003 del.
221 2961 444 3002 Manutrus
608 2977 660 3002 22
692 2964 872 3004 inuisum
895 2963 962 3003 P:
994 2964 1158 3003 irrisum
1182 2963 1271 3003 SM
1408 2964 1630 3004 Ciceronis
1656 2969 1795 3013 patro-

53 3066 56 3071 .
128 3017 282 3056 cinium
305 3022 348 3069 Σ,
371 3031 471 3060 corr.
492 3018 711 3059 Hotoman
