1988 3334
486 130 830 182 ASCONIVS
873 130 949 178 IN
987 129 1459 180 SCAVRIANAM
1692 144 1750 188 19

35 329 41 335 q
76 270 242 324 -filio
267 271 372 322 eius
397 270 483 336 qui
507 270 558 320 in
584 268 810 321 Sardinia
836 277 1009 318 contra
1036 270 1107 317 M.
1139 267 1387 333 Lepidum
1413 286 1550 318 arma
1575 270 1751 318 tulerat

78 364 128 409 et
150 364 261 421 post
293 353 343 403 in
376 351 497 403 Asia
526 354 715 418 legatus
753 354 1018 415 Pontoque
1052 352 1107 399 L.
1135 350 1332 400 Luculli
1364 352 1538 414 fuerat,
1558 368 1673 401 curn
1712 351 1751 400 is

79 436 262 490 bellum
295 444 467 486 contra
498 433 841 485 Mithridatem
867 434 1402 498 gereret-postulatus
1426 441 1496 483 est
1516 434 1651 497 apud
1679 435 1749 482 M.
1778 439 1832 491 17

47 486 323 606 'Catonem
365 526 641 582 praetorem
680 517 1080 581 repetundarum,
1126 524 1180 564 ut
1226 514 1278 564 in
1326 514 1466 566 Actis
1515 515 1752 580 scripturn

48 607 52 709 ἱ
78 611 164 664 est,
191 600 348 668 pridie
374 603 548 652 Nonas
575 598 783 663 Quintil.
810 608 924 664 post
956 598 1092 650 diem
1126 597 1325 648 tertium
1358 615 1510 663 quam
1542 601 1596 650 C.
1625 600 1754 650 Cato

49 718 52 742 Χ
78 693 179 737 erat
201 684 472 733 absolutus.
545 681 952 747 Subscripserunt
986 680 1176 731 Triario
1210 680 1261 729 in
1294 682 1535 733 Scaurum
1563 683 1617 731 L.
1648 683 1754 731 Ma-

49 745 53 854 ἱ
79 763 175 819 rius
200 767 254 814 L.
282 766 329 826 f.,
357 766 434 813 M.
463 772 512 814 et
538 765 599 826 Q.
629 762 832 812 Pacuvii
857 765 1026 813 fratres
1055 761 1356 827 cognomine
1382 762 1576 815 Claudi.
1653 761 1755 826 Qui

78 845 407 912 inquisitionis
432 845 483 894 in
508 844 787 895 Sardiniam
817 844 1038 910 itemque
1063 844 1115 894 in
1141 844 1398 896 Corsicam
1427 844 1613 895 insulas
1647 845 1754 896 dies

78 928 289 985 tricenos
324 937 624 993 acceperunt
660 945 825 993 neque
866 927 1074 992 profecti
1111 937 1226 978 sunt
1262 929 1328 978 ad
1364 927 1753 993 inquirendum:

51 1050 54 1098 ᾗ
79 1010 216 1065 euius
241 1010 310 1062 rei
334 1012 464 1060 hanc
489 1027 691 1060 causam
716 1011 1009 1071 reddebant,
1037 1011 1175 1074 quod
1201 1009 1388 1060 interea
1413 1010 1616 1060 comitia
1641 1027 1756 1060 con-

51 1099 54 1139 l
76 1092 254 1148 sularia
276 1095 440 1143 futura
464 1102 630 1143 essent
648 1111 661 1154 ;
697 1092 871 1143 timere
903 1109 1020 1157 ergo
1053 1109 1106 1142 se
1131 1109 1195 1141 ne
1220 1094 1434 1142 Scaurus
1459 1109 1518 1142 ea
1542 1092 1757 1157 pecunia

51 1141 55 1258 Ι
80 1172 228 1243 quam
251 1192 281 1225 a
305 1174 452 1226 sociis
477 1173 761 1224 abstulisset
790 1184 977 1225 emeret
1010 1175 1325 1224 consulatum
1362 1183 1424 1235 et,
1454 1173 1581 1224 sicut
1617 1183 1756 1238 pater

75 1256 182 1310 eius
205 1257 413 1318 fecisset,
441 1266 557 1308 ante
587 1274 738 1321 quam
771 1258 836 1307 de
869 1274 930 1306 eo
963 1255 1169 1306 iudicari
1202 1265 1384 1320 posset,
1413 1256 1752 1321 magistratum

2 1404 6 1411 Ι
76 1336 219 1395 iniret
253 1356 311 1389 ae
347 1356 511 1389 rursus
547 1348 663 1389 ante
699 1338 819 1389 alias
855 1338 1133 1404 provincias
1164 1338 1397 1402 spoliaret
1430 1356 1582 1403 quam
1612 1338 1753 1388 ratio-

79 1435 192 1477 nem
232 1421 404 1486 prioris
445 1420 886 1472 administrationis
928 1422 1170 1472 redderet.
1245 1423 1457 1471 Scaurus
1505 1438 1753 1471 summam

79 1503 310 1576 muciam
334 1504 385 1552 in
410 1503 602 1568 paterni
627 1503 844 1554 nominis
869 1502 1123 1568 dignitate,
1152 1520 1383 1567 magnam
1410 1502 1461 1552 in
1486 1503 1756 1554 necessitu—

3 1597 6 1604 ·
78 1585 193 1654 dine
217 1587 310 1638 Cn.
339 1586 567 1651 Pompeii
593 1586 766 1651 Magni
800 1587 1087 1651 reponebat.
1163 1585 1404 1636 Habebat
1436 1587 1571 1635 enim
1597 1585 1754 1636 filium

5 1661 11 1669 ⁴
77 1666 341 1736 liberorum
382 1670 475 1720 Cn.
517 1669 745 1733 Pompeii
780 1671 1012 1720 fratrem:
1059 1685 1177 1718 nam
1213 1667 1453 1730 Tertiam,
1488 1670 1757 1719 Scaevolae

3 1760 6 1774 '
78 1739 242 1814 filiam,
268 1749 524 1802 dimissam
557 1769 587 1802 a
620 1751 863 1817 Pompeio
895 1751 947 1801 in
983 1750 1354 1802 matrimonium
1385 1752 1603 1814 duxerat.
1680 1753 1753 1801 M.

80 1827 324 1888 Catonem
371 1843 539 1884 autem
587 1833 673 1899 qui
720 1834 772 1885 id
819 1834 1074 1896 iudicium,
1120 1843 1174 1884 ut
1221 1833 1450 1895 diximus,
1495 1835 1756 1885 exercebat

6 1934 11 1941 ’
56 1915 330 1978 metuebat
363 1917 640 1967 admodum
677 1924 877 1981 propter
917 1915 1185 1966 amicitiam
1229 1933 1358 1980 quae
1396 1925 1499 1966 erat
1534 1916 1604 1966 illi
1640 1933 1754 1967 cum

7 2064 12 2073 Ι
56 1958 268 2058 1’1,’,ϊίεῑῐίο
293 2017 303 2047 :
339 2015 456 2048 nam
482 1998 738 2060 Flaminia,
767 1997 943 2049 Triarii
969 2007 1137 2059 mater,
1166 2007 1216 2049 et
1245 1998 1351 2063 ipse
1377 1998 1595 2048 Triarius
1625 2016 1757 2049 soro-

4 2094 8 2109 ·
57 2072 183 2134 [tfim
224 2079 430 2132 Catonis
465 2079 735 2141 Serviliam,
763 2097 891 2145 quae
929 2090 1085 2131 mater
1121 2082 1202 2130 M.
1235 2079 1375 2130 Bruti
1410 2080 1514 2141 fuit,
1554 2081 1757 2131 familia-

4 2182 7 2187 *
57 2142 61 2254 ι
83 2154 194 2232 riter
216 2159 451 2227 diligebat
472 2181 487 2225 ,·
522 2180 581 2213 ea
603 2179 750 2227 porro
769 2164 906 2228 apud
927 2164 1175 2215 Catonem
1196 2171 1470 2213 maternam
1496 2162 1757 2213 obtinebat

6 2266 7 2270 ¹
84 2242 435 2295 alletoritatem.
505 2246 606 2295 Sed
639 2244 690 2293 in
727 2262 788 2295 eo
817 2244 1004 2294 iudicio
1040 2260 1204 2309 neque
1242 2243 1511 2309 Pompeius
1548 2261 1758 2310 propen-

6 2347 9 2358 ·
85 2333 191 2381 Sum
230 2324 530 2377 adiutorium
569 2325 1127 2391 praebuit—videbatur
1174 2325 1308 2376 enim
1349 2327 1485 2391 apud
1532 2325 1755 2376 animum

60 2478 63 2507 g
82 2424 186 2508 ¹¹”3
205 2462 270 2496 est
307 2455 402 2496 add.
444 2455 590 2496 Baiter
804 2468 829 2506 5
872 2470 974 2496 non.
1012 2456 1146 2507 quint.
1185 2455 1249 2495 P:
1300 2456 1427 2496 nonis
1465 2457 1630 2506 quintio
1670 2454 1761 2496 SM

4 2564 7 2570 Ι
150 2510 244 2550 add.
267 2511 464 2551 Heinrich
602 2513 630 2550 6
658 2511 724 2564 in]
747 2523 787 2550 m
809 2510 846 2550 S
975 2511 1028 2561 Q.
1050 2510 1214 2551 Marius
1236 2514 1280 2562 Σ,
1305 2524 1406 2551 corr.
1431 2510 1638 2551 Lodoicus
1732 2525 1754 2561 7

114 2589 144 2609 ⁷.
166 2564 260 2604 add.
283 2564 503 2604 Manutius
614 2566 782 2616 paeuuii
803 2565 861 2605 S:
891 2565 1143 2616 pacuijiiP:
1173 2564 1312 2616 pacuii
1337 2565 1391 2604 M
1519 2565 1687 2606 Claudii
1711 2569 1756 2616 Σ,

82 2623 183 2714 ξὺν.
206 2616 427 2683 ῌαηιξίξαρ
446 2634 455 2658 :
485 2620 606 2660 Caldi
627 2620 805 2672 Pighius
826 2620 891 2670 (cfi
916 2621 960 2662 C.
979 2620 1015 2660 I.
1031 2619 1086 2660 R.
1112 2621 1240 2683 3451)
1399 2622 1426 2659 8
1454 2621 1757 2672 inquisitiones

2 2770 12 2788 ὃ
60 2721 66 2767 l
85 2680 542 2781 woddlgwlsltloneim
565 2673 948 2770 ξεὲἓῖνὲῖεζξτειηῐ
967 2687 1065 2768 PM)
1069 2673 1262 2769 rS¹ca81{
1285 2730 1338 2770 ab
1358 2688 1493 2770 sociis1
1498 2675 1757 2770 {quocimpiiss

3 2806 7 2815 ·
85 2781 266 2846 sulatum
285 2783 354 2823 P:
384 2785 629 2824 consulatus
660 2783 753 2824 SM
952 2797 1000 2834 14
1032 2784 1162 2824 iniret
1193 2784 1262 2823 P:
1305 2785 1414 2825 inire
1450 2785 1528 2824 M:
1574 2785 1614 2824 in
1652 2798 1698 2824 re
1721 2783 1759 2824 S

86 2836 205 2895 ante]
234 2850 277 2877 ln
305 2837 344 2878 S
452 2838 638 2890 spoliare
673 2838 711 2878 S
900 2841 949 2878 16
978 2839 1297 2879 necessitudine
1333 2839 1415 2891 (-ἓ)
1450 2839 1566 2879 SM:
1596 2853 1682 2881 om.
1719 2839 1761 2877 P

63 2866 67 2927 i
93 2897 144 2942 19
170 2890 300 2934 filium
321 2895 365 2944 Σ,
385 2906 484 2934 corr.
507 2894 558 2941 ς’,
579 2893 644 2933 ed.
668 2891 767 2933 Ven.
966 2907 1020 2933 22
1049 2893 1223 2946 Triarii]
1246 2892 1412 2934 Triaria
1433 2897 1477 2945 Σ,
1500 2908 1598 2934 corr.
1620 2895 1668 2943 ς’,
1693 2892 1752 2934 ed.

57 2941 68 2989 J
90 2941 201 2986 lunt.
408 2961 456 2998 24
490 2948 723 2998 diligebant
744 2947 825 2988 ΚΞ
964 2954 1099 2988 mater
1120 2961 1215 2988 nam
1237 2948 1338 2996 51³¹,
1361 2963 1460 2991 corr.
1483 2949 1683 3001 Poggius,
1709 2946 1762 2987 M

91 3000 642 3051 essineonzinetSIm:
691 3002 1061 3044 ianeiinKS
1597 3058 1647 3086 9*
