1988 3334
634 139 707 187 IN
749 136 1282 188 CORNELIANAM
1731 149 1793 199 59

54 375 73 435 J'
102 359 214 412 nisi
255 376 318 412 cc
360 360 649 421 adfuissent,
690 376 815 410 neve
851 357 977 423 quis,
1016 373 1133 407 cum
1176 357 1367 406 solutus
1410 364 1553 416 esset,
1592 355 1797 407 interce·
1821 366 1887 417 52

0 463 2 467 ’
104 444 270 505 deret
320 460 436 494 cum
484 443 549 494 de
596 459 655 493 ea
701 459 753 492 re
799 441 865 492 ad
911 440 1156 505 populum
1203 440 1420 488 ferretur.
1496 439 1642 487 Haec
1690 437 1797 488 sine

62 553 64 560 v
118 526 334 576 tumultu
382 542 458 575 res
506 532 617 575 acta
663 532 750 574 est.
842 524 1009 573 Nemo
1056 519 1191 571 enim
1239 537 1419 586 negare
1466 528 1659 585 poterat
1706 536 1797 583 pro

65 659 69 667 ..
106 615 318 659 senatus
354 606 647 658 auctoritate
684 623 792 657 esse
828 622 940 656 eam
975 606 1168 670 legem3
1205 604 1295 654 sed
1330 612 1500 653 tamen
1537 620 1648 652 eam
1686 602 1797 653 tulit

60 691 111 775 [ι
111 684 283 742 invitis
354 688 692 755 optimatibus,
755 687 842 753 qui
909 705 996 753 per
1065 703 1252 752 paucos
1310 686 1478 735 amicis
1535 684 1796 750 gratificari

117 771 358 823 solebant.
432 770 598 832 Aliam
632 769 817 821 deinde
848 771 1011 834 legem
1037 767 1315 829 CorneliuS,
1348 767 1440 817 etsi
1472 784 1624 818 nemo
1657 783 1797 831 repu-

78 878 85 934 :J
116 870 266 921 gnare
297 870 447 904 ausus
480 862 567 915 est,
596 852 764 903 multis
797 848 967 902 tamen
1005 850 1171 900 invitis
1204 849 1329 910 tulit,
1363 858 1418 899 ut
1449 858 1700 915 praetores
1737 867 1795 899 ex

51 925 84 1014 {¹55}
108 934 293 988 edictis
331 935 433 986 suis
469 934 721 1000 perpetuis
758 933 835 984 ius
871 933 1125 984 dicerent.
1174 949 1303 997 quae
1340 948 1416 982 res
1453 930 1674 983 studium
1710 940 1796 981 aut

75 1017 320 1084 gratiam
367 1017 645 1068 ambitiosis
680 1016 989 1082 praetoribus
1025 1014 1112 1080 qui
1146 1013 1278 1065 varie
1316 1013 1392 1064 ius
1431 1013 1597 1064 dicere
1634 1030 1797 1064 assue-

59 1091 82 1150 l
109 1109 286 1152 verant
326 1100 536 1150 sustulit.
609 1099 748 1150 Alias
787 1116 990 1164 quoque
1031 1099 1313 1163 complures
1355 1099 1488 1161 leges
1532 1095 1795 1147 Cornelius

51 1143 84 1256 *ii
111 1182 457 1249 promulgavit,
491 1181 673 1248 quibus
709 1181 958 1247 plerisque
987 1182 1212 1270 collegae
1244 1179 1657 1230 intercesserunt.
1708 1195 1796 1243 per

50 1240 240 1440 bonas
276 1264 626 1316 contentiones
663 1263 816 1314 totius
853 1263 1132 1314 tribunatus
1170 1261 1276 1312 eius
1313 1270 1512 1326 tempus
1536 1269 1793 1326 peractum

110 1355 203 1398 est

50 1484 51 1487 J
184 1429 423 1493 Sequenti
447 1428 632 1480 deinde
664 1445 799 1479 anno
826 1430 911 1478 M'.
941 1426 1137 1492 Lepido
1164 1429 1219 1476 L.
1248 1425 1488 1476 Volcacio
1521 1443 1665 1487 coss.,
1693 1442 1795 1490 quo

50 1516 67 1573 ἐ
111 1528 248 1563 -anno
263 1521 460 1576 praetor
479 1511 657 1563 Cicero
676 1511 780 1571 fuit,
799 1528 939 1561 reum
957 1509 1247 1562 Cornelium
1265 1511 1367 1560 duo
1387 1510 1558 1566 fratres
1575 1507 1796 1561 Cominii

49 1591 62 1670 J
104 1594 222 1659 lege
239 1593 474 1646 Cornelia
492 1595 556 1644 de
581 1593 838 1644 maiestate
854 1595 1091 1643 fecerunt.
1146 1591 1340 1642 Detulit
1364 1608 1551 1642 nornen
1569 1592 1791 1664 Publius,

123 1676 405 1742 ubscripsit
432 1675 599 1726 Gaius.
675 1678 740 1725 Et
773 1692 888 1725 cum
923 1678 975 1724 P.
1006 1673 1208 1726 Cassius
1241 1682 1438 1738 praetor
1469 1675 1669 1726 decimo
1694 1675 1794 1738 die,

152 1768 171 1809 t
206 1776 315 1809 mos
353 1768 440 1820 est,
476 1760 652 1809 adesse
688 1757 922 1818 iussisset,
957 1774 1119 1822 eoque
1154 1756 1236 1807 die
1274 1756 1380 1821 ipse
1415 1774 1519 1807 non
1555 1758 1795 1810 adfuisset

48 1881 59 1902 „
82 1871 87 1880 ·
107 1858 203 1892 eu
227 1849 463 1891 avocatus
488 1849 689 1904 propter
712 1839 901 1905 publici
925 1838 1161 1889 frumenti
1194 1855 1362 1888 curam
1393 1856 1481 1889 seu
1513 1839 1793 1905 gratificans

48 1958 64 1988 ,ῑ
112 1923 117 1926 J
140 1939 214 1984 eO,
242 1922 567 1973 circumventi
592 1931 706 1972 sunt
731 1931 846 1972 ante
871 1922 1087 1972 tribunal
1120 1920 1226 1971 eius
1255 1929 1569 1972 accusatores
1598 1939 1629 1972 a
1660 1923 1793 1974 notis

48 1991 63 2058 γ,
129 2020 377 2070 perarum
424 2003 639 2054 ducibus
681 2003 750 2054 ita
790 2013 845 2054 ut
893 2020 1024 2054 mors
1067 2005 1405 2064 intentaretur,
1448 2003 1489 2053 si
1531 2021 1647 2055 mox
1688 2023 1792 2057 non

176 2149 194 2176 1
227 2137 339 2178 ferre
360 2149 508 2178 rursus
527 2136 593 2176 P:
623 2136 808 2176 ferretur
829 2165 1084 2177 ........
1110 2134 1172 2175 S:
1202 2135 1386 2174 serretur
1413 2147 1563 2175 rursus
1593 2166 1602 2175 .
1629 2167 1638 2176 .
1663 2166 1672 2176 .
1699 2166 1707 2175 .
1743 2137 1797 2177 M

47 2200 69 2243 jJ
108 2203 198 2233 1-2
228 2192 272 2232 in
293 2198 447 2232 senatu
469 2220 479 2231 .
504 2220 514 2230 .
540 2221 550 2231 .
574 2191 670 2241 quis
689 2204 774 2230 om.
794 2190 831 2230 S
941 2204 966 2230 2
993 2190 1149 2231 CCP:
1170 2218 1180 2229 .
1205 2219 1215 2230 .
1241 2220 1249 2230 .
1272 2190 1344 2229 CC
1363 2189 1438 2230 M:
1459 2190 1530 2230 CC
1548 2203 1636 2231 non
1654 2193 1792 2233 minus

47 2295 49 2310 J
85 2282 89 2287 .
118 2242 357 2287 Mommsen
466 2246 630 2286 solutus
649 2245 744 2285 PM
759 2260 768 2285 :
800 2274 1049 2286 ........
1075 2244 1112 2284 S
1129 2258 1137 2283 ε
1170 2244 1267 2296 quis
1287 2245 1347 2284 ita
1366 2245 1531 2286 solutus
1551 2245 1791 2287 Mommsen

117 2313 146 2353 3
173 2301 227 2342 ad
248 2301 453 2353 populum
473 2299 588 2341 PM:
621 2329 876 2341 ........
901 2299 939 2340 S
1067 2314 1092 2350 4
1121 2305 1217 2339 acta
1237 2305 1302 2339 est
1320 2299 1413 2339 PM
1428 2314 1438 2340 ε
1468 2329 1722 2342 ........
1756 2302 1794 2342 S

108 2388 137 2402 ,
173 2362 350 2396 senatus
368 2356 620 2396 auctoritate
640 2354 716 2394 M·
707 2384 938 2396 .......
968 2354 1222 2395 auctoritate
1252 2353 1289 2394 S
1306 2368 1316 2393 :
1343 2355 1593 2395 auctoritate
1613 2363 1792 2397 senatus

46 2410 90 2490 J2}
118 2408 162 2451 P
239 2424 334 2451 eam
351 2411 446 2451 tulit
464 2410 586 2450 ΡΜ·
576 2438 801 2450 .......
827 2409 864 2449 S
972 2412 1000 2449 6
1029 2422 1107 2461 per
1120 2408 1386 2449 Mommsen:
1414 2409 1484 2449 vel
1506 2413 1537 2450 Σ
1630 2424 1791 2462 paucos

89 2512 91 2519 J
117 2493 339 2507 ......
365 2466 436 2519 (10
456 2466 528 2506 latt.
553 2464 601 2516 S,
627 2478 650 2515 7
670 2465 723 2514 P,
745 2475 770 2514 5
790 2463 866 2515 M)
880 2467 924 2514 Σ,
945 2478 1016 2517 ego
1036 2464 1222 2516 supplevi
1387 2478 1409 2514 7
1440 2464 1564 2504 aliam
1584 2465 1705 2505 PM:
1734 2467 1790 2506 ali

46 2537 47 2540 ¹
88 2522 91 2559 J
117 2534 133 2560 5
154 2549 165 2560 .
189 2549 200 2560 .
224 2549 235 2560 .
258 2549 269 2560 .
292 2519 330 2560 S
458 2525 501 2560 et
532 2519 626 2559 sine
664 2532 781 2559 more
817 2532 1010 2570 pugnare
1044 2523 1088 2570 Σ,
1122 2519 1291 2558 correxit
1318 2533 1346 2557 π
1544 2533 1572 2570 9
1601 2521 1790 2561 studium

85 2606 90 2612 .
119 2580 190 2617 aut
209 2575 384 2626 scripsi:
413 2587 510 2615 eum
532 2580 605 2614 aut
625 2578 686 2616 Σ·
677 2605 686 2614 .
715 2575 956 2614 summatim
970 2572 1242 2614 Mommsen:
1273 2578 1466 2614 cunctam
1487 2573 1631 2614 Baiter
1741 2588 1791 2616 10

86 2636 91 2680 ζ
114 2637 128 2671 ἑ·
169 2629 417 2681 sueverant]
439 2630 634 2669 solebant
653 2628 724 2677 P¹‚
746 2642 847 2669 corr.
872 2628 1061 2680 Poggius
1229 2640 1273 2666 11
1306 2629 1477 2668 sustulit
1497 2629 1560 2669 Ρ·
1591 2629 1791 2671 substulit

117 2712 120 2721 .
156 2683 209 2724 M
370 2697 420 2724 12
450 2685 667 2735 plerisque
683 2683 798 2723 SM:
828 2684 1024 2734 plerique
1043 2683 1086 2722 P
1205 2683 1545 2724 intercesserunt
1564 2683 1630 2724 P:
1659 2685 1790 2725 inter-

46 2746 57 2782 ἶ
89 2757 92 2763 >
145 2737 295 2779 esseru
315 2744 359 2779 et
378 2738 445 2779 S.
474 2739 809 2780 intercessurum
830 2747 873 2778 et
893 2738 947 2777 M
1133 2750 1182 2788 13
1211 2737 1342 2777 totius
1367 2741 1426 2779 Σ;
1456 2744 1571 2779 totus
1600 2739 1792 2792 Poggtus

74 2827 75 2831 ,
115 2821 120 2830 .
146 2791 210 2834 ius
229 2799 399 2846 tempus
418 2793 528 2834 KS:
577 2799 772 2846 tempore
792 2794 886 2834 eius
907 2797 966 2835 Σ.
1000 2793 1107 2844 fort.
1131 2798 1300 2845 tempus
1332 2793 1542 2844 reliquum
1740 2806 1789 2844 15

115 2858 124 2878 ι
167 2851 245 2900 .,Σ
269 2862 366 2890 corr.
391 2848 617 2889 Manutzus
730 2851 779 2889 16
808 2862 925 2888 reum
947 2847 1191 2889 Cornelium
1212 2861 1297 2888 om.
1321 2848 1376 2887 M
1486 2850 1536 2889 18
1564 2849 1733 2900 scripsit
1754 2849 1792 2890 S

55 2931 59 2942 ,
157 2930 168 2942 .
191 2905 253 2944 Σ·
243 2932 253 2943 .
283 2903 435 2998 ISMOEC·
460 2903 551 2945 Clu.
575 2917 631 2956 99
753 2917 808 2944 20
835 2908 1040 2944 auocatus
1059 2903 1125 2943 Ρ.
1154 2903 1389 2944 aduncatus
1409 2902 1500 2944 SM
1607 2917 1655 2943 21
1688 2911 1788 2946 ante

172 2969 182 2996 z
209 2970 264 2998 an
