1988 3334
222 143 285 190 66
343 175 380 184 κ
844 139 1190 190 ASCONIVS

291 279 426 329 Dicit
462 281 526 330 de
563 279 839 330 disturbato
875 278 1062 329 iudicio
1099 277 1379 327 Maniliano
1401 297 1419 327 ι,

288 361 440 411 Aliis
487 361 591 411 ille
622 361 681 410 in
729 360 900 410 illum
951 362 1207 410 furorem
1263 357 1490 424 magnis
1545 357 1890 408 hominibus
1947 354 1953 410 f'

221 442 570 494 auctoribus
599 442 893 507 impulsus
918 450 1007 491 est
1036 439 1136 505 qui
1167 439 1417 504 aliquod
1446 437 1685 489 institui
1711 454 1892 489 exem-
1944 451 1969 511 ,ᾔ

220 528 383 590 plum
413 524 943 575 disturbandorum
968 521 1330 572 iudiciorum
1351 522 1487 584 reip.
1515 518 1873 585 perniciosis
1899 584 1901 586 Ι
1947 516 1968 594 2³

221 606 445 666 simum,
474 604 844 669 temporibus
873 603 995 654 suis
1019 600 1719 661 accommodatissimum,
1747 599 1891 651 meis
1946 598 1967 627 '³

220 687 659 738 alienissimum
684 685 1022 736 rationibus
1047 686 1415 750 cupiverunt.

290 771 345 818 L.
391 768 657 820 Catilinam
691 777 740 817 et
787 769 881 819 Cn.
918 766 1153 817 Pisonem
1188 765 1382 816 videtur
1414 764 1702 830 significare.
1778 761 1868 812 Fui
1964 818 1967 830 ζ

219 860 388 901 autem
425 849 640 901 Catilina
680 848 912 913 patricius
951 858 1000 898 et
1041 849 1222 898 eodem
1265 847 1349 897 illo
1387 856 1611 912 tempore
1642 854 1745 896 erat
1780 861 1891 895 reus
1964 834 1966 871 ³

221 932 619 996 repetundarum,
682 947 797 980 cum
857 929 1161 994 provinciam
1215 927 1434 978 Africam
1493 927 1790 978 obtinuisset
1841 934 1892 976 et
1945 942 1949 989 j

221 999 506 1062 consulatus
536 1011 860 1062 candidatum
887 1028 939 1060 se
969 1010 1281 1061 ostendisset.
1356 1013 1630 1060 Accusator
1654 1017 1756 1059 erat
1785 1007 1864 1058 eiu
1888 1071 1890 1074 Ι
1947 1063 1951 1067 ,

223 1097 275 1143 Ρ.
322 1094 545 1155 Clodius,
585 1095 880 1144 adulescens
922 1091 1028 1157 ipse
1070 1109 1272 1156 quoque
1313 1091 1550 1156 perditus,
1589 1090 1675 1155 qui
1716 1099 1875 1155 post
1962 1120 1965 1134 »

221 1192 336 1225 cum
379 1175 623 1227 Cicerone
662 1173 944 1224 inimicitias
985 1173 1148 1239 gessit.
1223 1175 1315 1224 Cn.
1359 1190 1561 1238 quoque
1603 1173 1733 1233 Piso,
1773 1168 1890 1222 aduv

221 1259 413 1307 lescens
432 1265 610 1321 potens
636 1265 685 1306 et
710 1255 1036 1315 turbulentus,
1066 1254 1314 1304 familiaris
1340 1264 1442 1304 erat
1468 1253 1712 1306 Catilinae
1736 1253 1874 1304 omni
1939 1302 1963 1326 f:

222 1355 408 1403 umque
433 1337 752 1389 consiliorum
778 1336 883 1387 eius
918 1336 1163 1401 particeps
1188 1346 1237 1386 et
1262 1337 1515 1387 turbarum
1539 1345 1724 1387 auctor.

790 1611 950 1659 VER.
990 1610 1128 1661 CIR.
1173 1612 1282 1666 ooX

291 1722 537 1768 Possum
613 1718 812 1768 dicere
894 1717 1192 1768 hominem
1275 1733 1498 1767 summa
1574 1715 1891 1782 prudenti
1932 1696 1945 1784 {J

222 1810 569 1866 spectatum,
605 1802 662 1852 C.
703 1801 958 1860 Cottam,
998 1801 1069 1850 de
1106 1798 1228 1849 suis
1264 1798 1495 1864 legibus
1527 1797 1877 1864 abrogandi
1932 1789 1941 1811 Τ

222 1883 412 1947 ipsum
448 1883 521 1932 ad
563 1890 831 1931 senatum
869 1880 1187 1931 rettulisse.

290 1963 393 2013 Hic
417 1972 492 2013 est
517 1964 667 2014 Cotta
695 1963 759 2012 de
788 1978 890 2026 quo
915 1961 1014 2010 iam
1047 1978 1196 2026 saepe
1225 1960 1453 2022 diximu8‚
1486 1978 1695 2026 magnus
1724 1969 1879 2027 orato

221 2043 420 2094 habitus
456 2053 505 2093 et
540 2059 744 2107 compar
781 2041 833 2092 in
869 2059 928 2093 ea
962 2042 1116 2107 gloria
1152 2045 1206 2092 P.
1248 2042 1468 2107 Sulpicio
1504 2052 1553 2092 et
1590 2044 1646 2094 C.
1688 2043 1847 2094 Caesa
1879 2030 1887 2095 ’ῖ-

129 2138 199 2187 59
225 2162 470 2174 .......
531 2123 779 2174 Videntur
802 2132 971 2173 autem
995 2122 1047 2172 in
1072 2123 1219 2173 rebus
1243 2123 1403 2188 parvis
1428 2123 1578 2173 fuisse
1602 2125 1734 2188 leges
1758 2122 1826 2173 ill
1876 2125 1880 2129 ’

219 2222 342 2270 quas
384 2222 499 2255 cum
538 2204 743 2266 tulisset,
782 2204 967 2255 rettulit
1002 2205 1066 2255 de
1101 2203 1172 2254 eis
1207 2204 1504 2269 abrogandis
1536 2206 1602 2256 ad
1643 2213 1840 2255 senatu·
1932 2243 1946 2280 ,1-

221 2290 353 2338 Nam
401 2303 565 2351 neque
605 2288 741 2351 apud
779 2286 1066 2336 Sallustium
1105 2303 1269 2351 neque
1310 2288 1446 2351 apud
1487 2286 1685 2336 Livium
1723 2302 1872 2351 nequ·
1922 2281 1947 2392 ,ᾖ

219 2372 354 2435 apud
382 2371 713 2420 Fenestellam
738 2368 884 2419 ullius
914 2368 1112 2420 alterius
1137 2371 1265 2420 latae
1289 2369 1353 2419 ab
1379 2386 1441 2420 eo
1465 2368 1585 2434 legis
1608 2376 1679 2419 est
1699 2385 1815 2419 men
1942 2400 1944 2404 -

274 2513 300 2549 3
330 2498 500 2550 aliquod
520 2499 588 2538 P:
617 2499 780 2550 aliquot
800 2498 890 2539 SM
998 2499 1179 2539 instituit
1200 2502 1243 2551 Σ,
1271 2512 1370 2540 corr.
1396 2498 1627 2539 Manuti-us
1765 2509 1801 2549 4
1819 2509 1862 2538 r
1923 2495 1945 2535 .-‘

219 2567 259 2604 p.
276 2554 373 2593 add.
393 2554 601 2593 Patricius
693 2566 718 2604 5
750 2554 812 2593 eis
828 2558 870 2604 Σ,
890 2567 990 2593 corr.
1009 2554 1229 2593 Manutius
1242 2554 1363 2604 (sbrt.
1381 2554 1495 2606 eius)
1583 2557 1611 2594 6
1631 2553 1807 2605 cupiver
1846 2573 1871 2605 ιι

218 2609 390 2660 scripsi:
419 2609 646 2658 cupierunt
667 2612 697 2649 Σ
718 2646 721 2648 μ
807 2622 835 2659 9
863 2614 906 2648 et
926 2609 1200 2649 consulatus.
1259 2609 1551 2648 ‚ostendisset
1569 2621 1653 2648 om.
1674 2607 1712 2647 S
1833 2613 1873 2659 rs
1920 2596 1940 2638 f-
1949 2601 1950 2614 ¹

219 2669 309 2701 erat
329 2675 410 2702 om.
435 2661 473 2702 S
613 2674 661 2700 12
690 2662 933 2701 inimicitias
952 2661 996 2700 P
1011 2676 1021 2702 z
1050 2661 1310 2702 inimicitiam
1330 2661 1418 2701 SM
1541 2662 1639 2702 Piso
1657 2658 1869 2703 Lodoicus'
1917 2642 1950 2731 'til

219 2717 310 2766 ipse
332 2720 362 2756 Σ
588 2728 636 2766 15
680 2727 750 2755 ουκ
770 2716 850 2756 KS
868 2730 876 2755 ε
908 2729 988 2756 sxr
1010 2722 1041 2758 Σ
1245 2729 1293 2767 17
1322 2721 1557 2767 spectatum
1577 2716 1685 2756 KS:
1715 2721 1853 2767 captu
1947 2733 1949 2768 ᾖ

237 2781 258 2803 C

222 2814 414 2863 (captum
435 2812 491 2863 P)
520 2815 578 2852 Σε
617 2813 774 2851 clarum
804 2811 1058 2852 Manutius:
1097 2813 1317 2862 praeditus
1347 2825 1431 2864 mg.
1459 2811 1632 2852 ΒεναΙιΙι

219 2871 303 2904 tam
324 2867 377 2904 de
399 2865 464 2905 P:
494 2871 611 2906 cocta
632 2866 732 2905 inde
751 2866 789 2906 S
804 2879 814 2906 z
843 2872 997 2906 cottam
1018 2867 1061 2906 in
1081 2866 1131 2904 M
1299 2867 1348 2906 18
1377 2867 1593 2906 retulisset
1612 2865 1659 2906 S*
1834 2882 1844 2891 2

218 2920 389 2958 Caesari
413 2948 635 2960 .......
657 2919 767 2959 SM:
797 2920 870 2960 Iac.
895 2934 977 2960 om.
998 2920 1065 2960 P:
1095 2920 1486 2972 aequalibussuppl.
1504 2919 1585 2960 KS
1694 2932 1748 2958 22
1775 2930 1844 2969 qu
1919 2923 1937 2941 '·

219 2985 312 3012 cum
333 2972 401 3013 P:
432 3003 576 3014 .....
601 2987 693 3013 cum
715 2973 807 3014 SM
912 2975 964 3014 iis
983 2973 1048 3013 P:
1078 2974 1143 3014 his
1164 2973 1255 3013 SM
1386 2987 1438 3023 24
1459 2974 1567 3024 legis
1584 2973 1701 3013 PM:
1735 3002 1846 3013 .....
1858 2995 1862 3001 ¹
1912 2977 1933 3015 ,ἓ

216 3026 254 3066 S
363 3033 429 3067 est
449 3028 543 3068 add.
566 3028 762 3068 Bucheler
1853 3039 1855 3042 ⁴
1925 3030 1929 3035 ’
