1988 3334
245 145 306 190 32
478 92 485 98 ’
901 129 1247 181 Ascomvs

340 199 377 206 κ

155 277 220 324 28
245 285 480 333 magnum
520 285 771 319 servorum
812 285 1004 334 agmen,
1043 268 1170 320 inter
1211 285 1338 333 quos
1375 268 1670 334 gladiatores
1709 287 1878 335 quoqu
1889 282 1908 313 ἐ
1944 287 1969 322 ¹.

242 359 393 410 erant,
423 367 483 400 ex
506 350 688 414 quibus
713 352 816 401 duo
840 350 948 401 noti
974 352 1233 401 Eudamus
1263 359 1312 400 et
1346 349 1512 400 Birria.
1588 350 1630 400 Ii
1656 350 1707 401 in
1732 350 1895 401 ultim
1940 380 1969 415 5«

240 432 438 496 agmine
470 432 656 483 tardius
693 442 867 483 euntes
900 450 1015 482 curn
1051 432 1202 483 servis
1236 435 1288 482 P.
1330 432 1480 484 Clodi
1515 432 1670 483 rixam
1705 432 1891 484 commi
1938 423 1952 493 ’ἶ

240 525 420 564 serunt.
508 517 592 566 Ad
649 532 800 580 quern
859 518 1129 566 tumultum
1187 533 1301 565 cum
1355 516 1647 580 respexisset
1697 516 1893 568 Clodiu
1966 528 1968 542 ’

240 595 628 658 minitabundus,
666 614 895 647 umerum
937 597 1042 647 eius
1079 597 1235 647 Birria
1271 597 1464 662 rumpia
1499 597 1701 648 traiecit.
1776 600 1893 650 Ind
1966 652 1967 656 ,

237 694 352 727 curn
411 687 518 728 orta
581 686 710 728 esset
772 694 951 744 pugna,
1014 680 1177 744 plures
1244 678 1509 729 Miloniani
1572 688 1887 736 accurrerunt
1943 667 1967 753 J

237 759 445 810 Clodius
471 761 774 810 .vulneratus
822 760 873 810 in
920 759 1177 811 tabernam
1220 758 1495 824 proximam
1542 762 1594 810 in
1642 760 1892 811 Bovillan·

236 842 428 891 delatus
464 851 551 891 est.
626 842 754 891 Milo
786 851 841 891 ut
873 841 1106 906 cognovit
1141 843 1452 894 vulneratum
1497 842 1748 903 Clodium,
1787 859 1849 892 cu
1880 868 1888 888 ι
1943 898 1946 906 ,

235 921 329 972 sibi
367 921 690 987 periculosius
725 923 850 974 illud
889 923 1038 974 etiam
1073 922 1187 973 vivo
1226 941 1286 973 eo
1319 925 1538 974 futurum
1580 923 1864 988 intellegere
1897 980 1899 982 ,
1939 942 1946 976 ,·

233 1003 401 1055 occiso
437 1014 605 1056 autem
638 1022 873 1070 magnum
913 1004 1152 1056 solacium
1194 1014 1323 1056 esset
1360 1005 1632 1067 habituruS,
1670 1005 1820 1056 etiarn
1868 1025 1901 1052 w·-
1940 1008 1965 1029 '¹

233 1087 494 1138 subeunda
522 1096 653 1138 esset
683 1103 860 1152 poena,
888 1087 1133 1138 exturbari
1169 1088 1374 1137 taberna
1402 1087 1555 1138 iussit.
1631 1086 1745 1137 Fuit
1768 1097 1965 1138 ant-1

232 1166 465 1232 signanus
504 1186 756 1220 servorum
795 1169 900 1219 eius
943 1171 1014 1219 M.
1060 1168 1301 1221 Saufeius.
1373 1171 1541 1234 Atque
1581 1169 1650 1218 ita
1691 1169 1840 1221 Clodi
1881 1193 1890 1214 z
1962 1175 1964 1207 ἲ

230 1251 388 1300 latens
407 1260 650 1301 extractus
669 1259 744 1301 est
762 1250 1030 1315 multisque
1048 1250 1333 1301 vulneribus
1352 1251 1622 1302 confectus,
1676 1252 1893 1302 Cadave
1961 1248 1963 1254 ’

231 1331 335 1382 eius
371 1332 423 1383 in
458 1332 537 1382 via
568 1333 808 1395 relictum,
843 1332 961 1398 quia
996 1331 1121 1383 servi
1143 1332 1303 1384 Clodi
1337 1341 1424 1383 aut
1459 1331 1611 1383 occisi
1644 1341 1783 1383 erant
1813 1349 1895 1383 au
1932 1327 1963 1390 Ϊζέ

229 1414 437 1478 graviter
469 1415 622 1465 saucii
654 1415 888 1475 latebant,
925 1417 1033 1465 Sex.
1069 1413 1276 1465 Teidius
1313 1423 1524 1478 senator,
1557 1413 1643 1479 qui
1678 1417 1803 1466 forte
1838 1431 1897 1476 ew,

229 1513 338 1546 rure
366 1496 418 1546 in
454 1497 629 1548 urbem
665 1491 1011 1558 revertebatur,
1039 1496 1236 1548 sustulit
1267 1505 1316 1547 et
1350 1496 1526 1549 lectica
1557 1513 1646 1546 sua
1680 1498 1845 1548 Roma
1875 1519 1895 1541 ι5

228 1578 339 1627 ferri
364 1578 502 1628 iussit
512 1597 534 1642 ¹3
569 1578 674 1643 ipse
699 1595 863 1629 rursus
889 1579 1069 1629 eodem
1094 1580 1229 1629 unde
1254 1587 1356 1628 erat
1380 1595 1603 1643 egressus
1626 1595 1673 1627 se
1696 1577 1859 1642 recepi
1894 1635 1895 1639 Ἰ

229 1661 478 1710 Perlatum
526 1669 600 1710 est
648 1677 827 1726 corpus
876 1659 1024 1712 Clodi
1071 1669 1187 1710 ante
1240 1658 1448 1724 primam
1497 1659 1658 1710 noctis
1706 1661 1827 1709 hora
1890 1657 1895 1690 3

227 1740 530 1807 infimaeque
569 1742 729 1807 plebis
772 1751 821 1792 et
860 1759 1112 1792 servorum
1153 1741 1367 1793 maxima
1405 1741 1672 1792 multitudo
1714 1752 1893 1806 magn·
1956 1747 1961 1782 '2

227 1825 363 1874 luctu
388 1840 567 1888 corpus
592 1823 643 1872 in
669 1822 793 1873 atrio
819 1824 998 1874 domus
1023 1823 1242 1888 positum
1267 1822 1602 1872 circumstetit.
1664 1821 1888 1887 Augeba
1933 1846 1939 1883 j

226 1914 393 1956 autem
436 1905 552 1955 facti
590 1905 827 1955 invidiam
867 1922 989 1956 uxor
1031 1904 1180 1957 Clodi
1216 1904 1390 1956 Fulvia
1425 1921 1553 1968 quae
1589 1921 1705 1955 cum
1741 1904 1895 1955 effus·-

226 1987 581 2038 lamentatione
618 1989 820 2037 vulnera
857 1986 962 2040 eius
999 1986 1308 2037 ostendebat.
1384 1986 1547 2036 Maior
1582 1995 1778 2051 postera
1813 1985 1889 2038 di‘

228 2069 339 2118 luce
363 2067 522 2133 prima
546 2067 817 2119 multitudo
846 2067 1071 2119 eiusdem
1100 2066 1293 2132 generis
1318 2067 1568 2128 confluxit,
1596 2069 1893 2134 complures
1931 2059 1943 2118 ³,

226 2166 324 2213 que
372 2148 477 2199 noti
530 2149 760 2200 homines
807 2149 897 2199 visi
951 2158 1078 2200 sunt.
1170 2151 1289 2198 Erat
1341 2150 1522 2199 domus
1577 2148 1725 2201 Clodi
1777 2157 1882 2200 ant·

225 2246 412 2294 paucos
450 2248 647 2282 menses
690 2241 858 2297 empta
894 2232 960 2282 de
1003 2233 1075 2280 M.
1117 2231 1302 2280 Scauro
1344 2229 1395 2280 in
1444 2230 1666 2281 Palatio:
1712 2232 1839 2282 eode
1891 2279 1894 2283 .

230 2314 285 2361 T.
338 2311 596 2362 Munatius
650 2314 878 2373 Plancus,
927 2314 1073 2363 frater
1121 2313 1177 2362 L.
1230 2311 1402 2361 Planci
1454 2310 1672 2373 oratoriS‚
1723 2320 1774 2363 et
1825 2300 1886 2376 Q·
1926 2312 1944 2378 J'

226 2393 495 2459 Pompeius
535 2396 709 2456 Rufus,
756 2396 921 2446 Sullae
963 2392 1219 2445 dictatoris
1258 2411 1317 2444 ex
1358 2392 1458 2444 filia
1498 2410 1668 2459 nepOS,
1708 2386 1891 2467 tribun}

279 2550 304 2577 2
335 2537 606 2579 eudamiusS
700 2538 750 2592 ii]
773 2551 827 2578 Ἢ·
846 2536 885 2579 S
1004 2549 1030 2589 5
1060 2537 1226 2589 rumpia
1245 2535 1412 2579 traiecit
1430 2535 1494 2577 P:
1525 2536 1680 2588 rumpit
1698 2536 1886 2578 atraieci-
1927 2540 1951 2600 ξ,

224 2593 292 2632 S:
320 2592 460 2644 rumpi
480 2598 573 2633 atra
592 2591 758 2633 traiecit
776 2592 831 2632 M
1030 2606 1052 2643 7
1083 2593 1128 2632 in
1152 2590 1250 2632 add.
1268 2589 1447 2644 Madvig
1590 2590 1802 2632 bovillano
1822 2591 1877 2633 P.
1923 2579 1950 2651 Ιζζ

224 2647 437 2688 uobillano
457 2646 519 2688 S:
547 2647 761 2688 bobillano
782 2647 836 2687 M
1003 2658 1048 2687 11
1081 2646 1300 2687 tabernam
1320 2650 1366 2698 Σ,
1388 2657 1486 2686 corr.
1511 2645 1690 2698 Madvaejg·
1818 2657 1872 2686 au
1927 2646 1940 2698 ἦ

223 2703 348 2752 signa
379 2714 489 2742 unus
519 2705 563 2753 Σ,
600 2715 699 2742 corr.
728 2701 789 2743 ed.
829 2699 928 2742 Ven.
1080 2713 1129 2741 12
1155 2699 1212 2743 M.
1248 2699 1439 2741 fustenus
1473 2698 1682 2753 (omeP1)
1710 2702 1755 2750 Σ,
1788 2712 1830 2740 co
1871 2696 1883 2726 1³

223 2754 450 2796 Manutius
580 2768 628 2807 15
659 2755 864 2808 latebant]
891 2754 1089 2797 iacebant
1108 2754 1247 2796 Halm
1327 2751 1484 2795 Tedius
1503 2757 1534 2795 Σ
1557 2754 1622 2807 (at
1638 2754 1684 2804 qf.
1709 2753 1754 2796 C.
1773 2753 1808 2794 I.
1829 2751 1874 2795 R
1938 2794 1940 2797 ,

225 2809 251 2850 i.
278 2810 403 2862 1090)
572 2812 622 2849 16
652 2810 697 2850 in
717 2823 801 2851 om.
825 2809 863 2850 S
1005 2822 1053 2861 17
1084 2821 1283 2862 egressus
1300 2821 1351 2850 se
1371 2807 1572 2861 Madvig:
1601 2820 1841 2859 regressum
1878 2851 1879 2855 ,
1945 2839 1947 2855 <

228 2877 280 2915 19
308 2865 563 2915 infir-meque
584 2867 628 2914 Σ,
648 2878 748 2905 corr.
770 2864 828 2906 ed.
846 2864 961 2905 Iunt.
1084 2876 1138 2904 20
1167 2875 1322 2914 corpus
1343 2861 1420 2903 del.
1440 2861 1714 2904 Halbertsma
1835 2874 1860 2902 ο
1945 2861 1948 2901 ἶ

226 2919 305 2959 visi
325 2919 374 2969 ff,
400 2918 585 2959 Rinkes:
615 2918 708 2959 elisi
742 2922 773 2959 Σ
880 2919 996 2959 inter
1029 2931 1137 2968 quos
1162 2918 1210 2958 C.
1235 2917 1441 2957 Vibienus
1475 2921 1651 2956 senator
1671 2921 1767 2969 post
1789 2929 1838 2958 su
1922 2935 1933 2971 j

222 2972 319 3016 add.
343 2977 375 3014 Σ
394 2986 444 3014 ex
466 2973 542 3013 Cic.
568 2978 588 3023 ξ
609 2985 675 3024 37,
697 2972 770 3013 del.
791 2973 948 3013 Rinkes
1124 2975 1177 3013 26
1210 2972 1258 3013 T.
1281 2971 1376 3013 add.
1399 2971 1620 3012 Manutius
