1988 3334
848 93 1254 144 PRAEFATIO

221 248 271 282 x.
301 236 359 281 81
389 225 464 283 est
488 250 618 282 num.
649 235 687 292 1,
715 232 766 294 in
803 232 991 283 codicis
1026 235 1101 283 M
1117 249 1174 295 31
1206 248 1335 281 num.
1366 233 1435 291 11,
1462 231 1514 280 in
1549 230 1711 295 primo
1735 232 1807 280 M
1826 247 1884 293 31
1940 259 1942 261 ·

221 313 341 363 folio
389 313 538 364 index
587 323 663 364 est
715 313 964 378 antiquus,
1018 317 1030 339 ‘
1051 312 1246 362 Manilii
1293 311 1698 373 Astronomicon,
1750 311 1894 363 Statii
1938 348 1939 352 ,

223 393 417 459 Papinii
459 396 650 459 Sylvae,
685 394 935 444 Asconius
976 393 1226 445 Pedianus
1268 393 1319 443 in
1359 393 1669 454 Ciceronem,
1708 392 1893 443 Valerii

225 475 391 525 Flacci
437 477 711 526 nonnulla.'
784 475 988 536 Codice,
1028 485 1082 525 ut
1123 475 1331 535 videtur,
1370 474 1421 524 in
1460 477 1584 525 duas
1623 483 1785 539 partes
1823 474 1897 525 di-

225 566 406 607 stracto
425 557 595 607 nescio
615 557 725 621 quis
745 557 951 606 Asconii
970 566 1019 606 et
1037 556 1222 606 Valerii
1242 555 1447 606 nomina
1470 556 1601 606 linea
1620 565 1895 606 transversa

225 638 420 688 delevit.
496 638 568 687 Hi
616 638 829 698 codiceS‚
879 641 1001 688 alter
1046 640 1273 699 ambove,
1323 656 1354 687 a
1399 637 1622 703 pluribus
1669 655 1756 703 per
1801 640 1894 688 hos
1929 647 1933 652 ’

225 737 384 769 annos
432 720 597 770 collati
645 720 793 769 sunt.¹
878 719 1143 784 Equidem,
1195 729 1249 769 ut
1296 721 1361 770 de
1408 737 1488 770 me
1535 719 1645 784 ipso
1703 722 1891 784 loquar,

226 800 503 850 Asconium
540 810 589 851 et
622 800 875 851 Valerium
914 803 1149 850 Flaccum
1184 817 1318 850 anno
1361 803 1505 864 1896,
1534 817 1650 850 cum
1688 800 1896 850 Matritii

227 900 402 942 essem,
447 882 636 931 contuli
684 892 733 932 et
779 882 830 931 in
873 881 1094 932 Asconio
1142 881 1356 932 familiae
1405 882 1685 947 Poggianae
1730 883 1898 931 arche-

228 974 400 1028 typum
435 963 650 1028 agnovi.2
735 966 888 1026 Quod
921 963 1126 1028 quidem
1162 965 1228 1014 ad
1264 963 1420 1013 Silvas
1455 963 1632 1014 attinet
1664 965 1897 1014 Alfredus

231 1049 380 1095 Klotz
399 1045 449 1094 in
475 1045 695 1096 editione
714 1063 848 1096 anno
874 1064 1000 1109 1900
1019 1045 1148 1110 typis
1173 1045 1411 1110 impressa
1434 1054 1624 1096 ceteros
1644 1063 1819 1095 omnes
1838 1063 1898 1096 ex

228 1129 302 1176 sl!
320 1144 377 1190 31
407 1127 604 1177 fluxisse
629 1127 860 1187 ostendit,
888 1127 940 1177 id
965 1129 1103 1192 quod
1127 1127 1279 1178 hodie
1303 1144 1478 1177 omnes
1503 1128 1812 1177 confitentur.

299 1208 527 1259 Occurrit
565 1208 647 1257 illa
693 1207 919 1272 quaestio
966 1207 1170 1272 quinam
1213 1208 1393 1258 fuerint
1440 1210 1617 1257 horum
1665 1208 1898 1259 codicum

231 1289 504 1354 scriptores.
578 1289 826 1339 Asconius
857 1289 1060 1353 quidem
1098 1299 1147 1339 et
1172 1289 1396 1339 Valerius
1434 1305 1584 1338 manu
1622 1291 1748 1339 Itala
1783 1289 1900 1339 satis

230 1371 389 1421 veloci
436 1371 499 1421 ab
549 1373 728 1421 eodem
771 1370 931 1420 scriba
977 1370 1191 1421 confecti
1239 1380 1366 1431 sunt,
1418 1371 1700 1435 Sigebertus
1749 1388 1900 1421 manu
1950 1357 1955 1363 ¹

231 1451 490 1513 velociore,
512 1469 640 1516 quae
665 1461 832 1502 tamen
858 1451 1083 1502 eiusdam
1108 1451 1324 1501 hominis
1350 1469 1456 1502 esse
1481 1461 1658 1517 potest.
1722 1455 1901 1503 Monet

234 1536 417 1584 Paulus
477 1533 900 1598 Schmiedeberg‚3
958 1533 1030 1583 vir
1099 1532 1476 1595 oculatissimuS‚
1551 1551 1653 1584 non
1722 1533 1900 1584 iisdem

234 1615 544 1680 Sigebertum
571 1615 753 1679 quibus
779 1614 1054 1665 Asconium
1093 1624 1142 1664 et
1167 1614 1420 1664 Valerium
1450 1614 1630 1664 chartis
1664 1614 1900 1680 scriptum

235 1714 372 1748 esse:
431 1697 523 1745 hos
566 1697 715 1746 etiam
770 1698 927 1745 forma
973 1697 1123 1759 paulo
1171 1695 1357 1745 maiore
1405 1695 1524 1746 olim
1572 1696 1735 1757 fuisse,
1787 1714 1903 1747 mox

235 1796 350 1829 cum
410 1777 667 1842 Sigeberto
725 1776 1057 1841 iungerentur,
1118 1777 1288 1828 leviter
1339 1777 1670 1828 circumcisos.
1769 1780 1902 1830 Illud
1958 1807 1959 1810 =

236 1858 515 1929 addiderim
540 1875 642 1909 non
668 1858 889 1922 potuisse
915 1858 1224 1922 Sigebertum
1251 1875 1312 1908 eo
1346 1867 1580 1923 tempore,
1609 1876 1724 1908 cum
1754 1858 1903 1909 index

235 1941 317 1990 ille
364 1956 514 2004 quem
562 1938 614 1989 in
655 1941 730 1988 M
768 1956 826 2002 31
878 1938 1158 1988 invenimus
1199 1941 1456 1990 confectus
1498 1948 1585 2000 est,
1629 1939 1680 1989 in
1726 1939 1904 1990 codice

237 2031 491 2072 contineri.

292 2145 306 2167 1
338 2143 527 2194 Signifer
566 2149 669 2194 erat,
713 2149 758 2182 ut
797 2144 922 2195 solet,
967 2143 1188 2184 Robinson
1225 2143 1328 2183 Ellis
1360 2150 1507 2184 noster
1539 2145 1610 2195 qui
1648 2158 1763 2184 anno
1801 2146 1904 2196 1892

242 2199 457 2238 Manilium
477 2198 658 2238 contulit
678 2204 721 2238 et
741 2199 782 2236 in
811 2199 893 2238 hoc
922 2204 1094 2238 auctore
1122 2198 1280 2238 codicis
1301 2198 1352 2236 M
1368 2212 1416 2248 31
1441 2199 1741 2250 praestantiam
1761 2200 1904 2251 singu-

240 2255 370 2293 larem
403 2252 588 2292 ostendit
611 2252 929 2302 <Hermathena
948 2252 1034 2292 xix.
1060 2254 1269 2305 261-286)
1291 2267 1300 2292 :
1333 2253 1423 2293 eius
1453 2266 1580 2294 suasu
1599 2253 1832 2294 Asconium
1862 2260 1906 2293 et
1962 2255 1963 2259 ’

239 2308 451 2347 Valerium
491 2307 663 2346 contuli.
737 2306 877 2346 Ambo
911 2307 1083 2347 codices
1115 2320 1229 2346 anno
1266 2308 1368 2358 1895
1400 2308 1444 2346 in
1477 2307 1747 2348 Germaniam
1788 2309 1906 2348 missi
1964 2339 1966 2341 -

238 2368 336 2403 sunt
358 2362 399 2400 in
422 2374 543 2400 usum
565 2361 757 2400 Mauricii
781 2361 951 2410 Krohn,
971 2374 1095 2411 quem
1117 2361 1292 2401 honoris
1312 2374 1437 2401 causa
1457 2363 1644 2402 nomino.
1706 2362 1749 2403 Is
1769 2362 1905 2402 Silvas

240 2424 326 2456 tum
357 2416 546 2455 editurus
576 2421 667 2454 erat
694 2416 771 2454 sed
803 2415 979 2455 consilio
1009 2415 1172 2456 abiecto
1202 2416 1348 2467 copias
1367 2416 1543 2456 Alfredo
1561 2416 1688 2456 Klotz
1715 2417 1905 2457 tradidit.

242 2471 383 2511 Silvas
398 2470 550 2508 iterum
572 2469 747 2509 contulit
769 2470 824 2508 A.
851 2470 1009 2509 Souter
1029 2471 1253 2522 (Classical
1271 2470 1465 2522 Review,
1489 2471 1562 2511 xii.
1585 2472 1733 2521 400-6‚
1756 2483 1903 2522 441-5,

240 2525 326 2564 xiii.
351 2525 439 2576 35).
498 2524 648 2563 Codex
667 2537 707 2564 x.
727 2525 776 2563 81
801 2538 915 2564 anno
938 2537 1042 2575 1903
1062 2524 1357 2564 Vratisla'viam
1379 2526 1534 2565 missus
1549 2531 1613 2564 est
1637 2525 1682 2564 F.
1719 2526 1906 2565 Skutsch

242 2585 419 2629 rogatu:
459 2577 690 2620 Asconium
722 2578 813 2628 ipse
846 2578 1047 2629 excussit,
1082 2578 1502 2619 Pseudo-Asconium
1538 2585 1580 2618 et
1608 2579 1825 2619 Valerium
1856 2579 1903 2620 P.

243 2633 590 2681 Schmiedeberg.
665 2632 762 2672 Hoc
793 2633 973 2684 denique
1000 2645 1114 2672 anno
1141 2633 1285 2673 ambos
1312 2633 1481 2673 codices
1502 2633 1544 2672 in
1573 2633 1735 2673 Italiam
1755 2634 1907 2674 missos

244 2700 339 2727 esse
361 2687 400 2726 in
422 2699 543 2726 usum
564 2686 612 2727 C.
638 2686 903 2737 Giarratano,
927 2687 999 2738 qui
1019 2700 1067 2726 se
1087 2687 1319 2728 Asconium
1340 2700 1439 2727 mox
1460 2686 1671 2727 editurum
1690 2700 1786 2728 esse
1810 2700 1905 2740 pro-

244 2743 400 2792 fitetur,
426 2753 564 2792 nuper
585 2742 771 2790 comperi
793 2742 982 2792 (Rivista
1005 2742 1047 2781 di
1069 2741 1266 2794 filologia,
1291 2741 1436 2782 xxxiv.
1462 2743 1656 2794 477-82).

299 2798 312 2818 ²
341 2795 544 2834 Classical
569 2795 764 2845 Review,
789 2809 829 2835 x.
851 2806 1053 2846 301-305,
1079 2795 1165 2835 xiii.
1191 2808 1388 2846 119-130.

297 2850 311 2872 ³
341 2850 407 2888 De
445 2849 622 2888 Asconii
664 2849 878 2890 codicibus
917 2855 960 2889 et
999 2851 1052 2889 de
1083 2850 1302 2890 Ciceronis
1335 2850 1510 2891 scholiis
1543 2849 1896 2902 Sangallensibus,

245 2918 283 2955 p.
310 2905 349 2954 8,
370 2902 663 2952 Vratislaviae,
691 2915 805 2954 1905.

1031 2971 1142 3020 xviii
