1988 3334
221 144 284 190 68
342 176 379 184 κ
877 139 1225 190 ASCONIVS

221 297 417 331 summa
434 279 706 345 cupiditate
726 279 934 329 civitatis
955 282 1216 330 Romanae
1237 276 1398 327 Italici
1417 275 1589 342 populi
1607 284 1889 327 tenerentur
1944 271 1948 274 ’
1968 254 1971 268 ’

220 375 270 416 et
294 367 361 416 ob
387 366 438 416 id
464 383 643 430 magna
666 382 777 429 pars
810 381 981 414 eorum
1008 381 1098 430 pro
1123 362 1314 413 civibus
1340 361 1584 412 Romanis
1609 378 1662 411 se
1685 369 1884 426 gereret,

219 447 496 498 necessaria
523 449 600 497 lex
632 447 735 496 visa
760 455 833 496 est
862 455 918 496 ut
949 446 1000 496 in
1026 463 1145 496 suae
1175 444 1387 510 quisque
1423 442 1633 493 civitatis
1665 442 1741 493 ius
1766 441 1889 493 redi·
1942 478 1969 509 ,,,

217 539 422 595 geretur.
496 532 684 580 Verum
710 546 769 579 ea
803 531 911 593 lege
944 528 1012 578 ita
1046 527 1245 578 alienati
1269 525 1423 576 animi
1459 535 1575 576 sunt
1606 525 1891 591 principum¹
1944 517 1969 567 ’-Ϊ

219 611 506 662 Italicorum
531 613 830 676 populorum
867 619 921 660 ut
957 627 1015 660 ea
1038 612 1116 660 vel
1149 609 1363 660 maxima
1397 625 1545 660 causa
1577 606 1693 658 belli
1726 604 1893 657 Italici·
1943 652 1945 658 2

218 695 355 758 quod
381 702 494 758 post
519 679 786 742 triennium
812 701 1035 743 exortum
1061 701 1135 743 est
1159 692 1318 743 fuerit.

161 764 170 769 χ
288 779 582 839 Quattuor
606 774 847 825 omnino
875 791 1090 839 genera
1122 783 1271 836 sunt,
1304 773 1547 834 iudices,
1576 772 1635 821 in
1668 770 1884 836 quibus
1943 764 1967 838 ’ζ

217 875 319 923 per
343 867 611 908 senatum
655 874 816 908 more
864 856 1152 907 maiorum
1200 865 1494 906 statuatur
1535 853 1767 918 aliquid
1813 854 1890 903 de.
1940 864 1967 921 εξ

218 926 462 1004 10310115.
537 942 729 988 Vnum
767 948 857 988 est
894 938 1017 988 eius
1054 937 1214 988 modi
1246 940 1482 1002 placere
1514 939 1701 1001 legem
1727 935 1883 984 abro-
1939 937 1966 994 ξ

216 1021 368 1086 gari:
410 1030 472 1070 ut
503 1023 565 1083 Q.
595 1020 864 1072 Caecilio
893 1022 963 1069 M.
995 1019 1169 1069 Iunio
1208 1036 1354 1070 coss.
1383 1036 1532 1084 quae
1570 1019 1730 1081 leges
1766 1011 1899 1066 rems

219 1103 535 1152 militarem
572 1101 947 1167 impedirent,
986 1111 1048 1151 ut
1083 1103 1525 1166 abrogarentur.
1939 1149 1965 1170 ,ι

285 1186 347 1247 Q.
385 1183 631 1236 Caecilius
658 1185 892 1233 Metellus
926 1182 1239 1243 Numidicus,
1270 1185 1340 1231 M.
1376 1181 1551 1232 Iunius
1584 1180 1793 1240 Silanus,
1820 1181 1885 1230 de

219 1266 400 1331 quibus
436 1265 552 1316 facit
591 1265 913 1326 mentionem,
954 1266 1183 1315 consules
1220 1266 1418 1315 fuerunt
1461 1265 1593 1313 bello
1631 1261 1884 1314 Cimbrico
1935 1307 1946 1330 ·.
1962 1297 1963 1311 ,

218 1349 355 1412 quod
403 1346 489 1397 diu
538 1363 685 1410 prave
733 1346 880 1395 simul
928 1355 977 1396 et
1024 1345 1282 1396 infeliciter
1334 1344 1730 1395 administratum
1780 1353 1886 1405 est}
1934 1360 1963 1404 ;

213 1438 363 1493 atque
392 1427 497 1492 ipse
530 1444 731 1492 quoque
764 1426 845 1476 hic
877 1426 1051 1476 Iunius
1084 1428 1213 1476 male
1246 1443 1348 1476 rem
1385 1427 1618 1476 adversus
1651 1424 1881 1477 Cimbros
1935 1435 1941 1487 ζ

215 1509 399 1574 gessit
469 1515 598 1562 .†ac
623 1511 787 1574 plures
820 1511 952 1573 leges
986 1525 1114 1573 quae
1138 1525 1225 1572 per
1250 1525 1335 1559 eos
1368 1525 1527 1558 annos
1552 1506 1766 1572 †quibus
1790 1507 1895 1557 1100

220 1549 625 1656 significabantur
656 1592 845 1656 populo
870 1592 999 1640 latae
1024 1599 1176 1651 erant,
1204 1589 1386 1654 quibus
1411 1589 1614 1640 militiae
1639 1587 1898 1675 stipendia

216 1673 581 1735 minuebantur,
619 1672 886 1738 abrogavit.
1951 1659 1953 1671 ’

281 1757 566 1816 Alterum,
595 1772 744 1820 quae
769 1757 860 1805 lex
885 1756 1003 1804 lata
1027 1771 1155 1805 esse
1179 1754 1426 1815 dicatur,
1455 1771 1520 1804 ea
1553 1770 1670 1804 non
1694 1742 1887 1804 videri¹

216 1839 501 1902 populum
537 1837 761 1888 teneri:
810 1846 871 1886 ut
909 1839 961 1886 L.
1006 1836 1232 1886 Marcio
1270 1839 1391 1887 Sex.
1434 1836 1591 1887 Iulio
1627 1852 1774 1886 0055.
1810 1836 1886 1886 de'-

213 1918 449 1983 legibus
475 1918 675 1968 Liviis.

284 2002 414 2050 Puto
433 2017 520 2050 vos
546 1998 794 2050 reminisci
819 2000 907 2049 has
933 2015 1041 2049 esse
1065 2001 1197 2064 leges
1224 1997 1387 2049 Livias
1413 2015 1536 2064 quas
1561 1998 1654 2048 illis
1674 1996 1893 2049 consuli«v
1928 1989 1949 2069 ιζ

269 2144 294 2170 2
324 2143 371 2170 se
392 2135 563 2181 gereret
583 2129 625 2168 P
642 2143 651 2168 τ
682 2134 854 2180 regeret
874 2129 965 2169 SM
1100 2143 1127 2179 9
1156 2129 1280 2169 huius
1301 2129 1414 2169 modi
1435 2129 1472 2168 S
1607 2129 1813 2179 abrogare
1834 2131 1877 2171 Σ
1947 2178 1948 2182 ¹

212 2197 316 2225 corr.
337 2183 543 2224 Beraldus
758 2197 807 2224 10
838 2183 898 2224 M.
921 2183 1046 2224 Iunio
1066 2182 1299 2224 Lodoicus:
1328 2197 1380 2223 m.
1406 2184 1551 2223 emilio
1574 2187 1604 2224 Σ
1768 2196 1886 2224 0055.
1928 2199 1949 2222 ιε

213 2237 448 2278 Lodoicus:
496 2250 582 2278 005.
626 2241 656 2279 Σ
697 2238 763 2290 (cf.
804 2239 878 2289 20)
1076 2251 1124 2278 12
1168 2238 1419 2278 Numidicus
1456 2237 1659 2278 Metellus
1693 2241 1736 2287 Σ,
1777 2251 1877 2285 corr.
1928 2245 1948 2296 2?

214 2293 418 2333 Lodoicus
581 2292 730 2332 Siluius
769 2296 814 2344 Σ,
857 2306 953 2333 corr.
1000 2292 1224 2333 Manutms
1446 2305 1496 2342 13
1536 2293 1646 2333 bello
1680 2292 1884 2337 011111)τίοι

214 2347 307 2387 PM
333 2349 458 2398 (post
487 2346 601 2387 bello
634 2347 708 2387 lac.
730 2360 752 2397 7
772 2347 848 2387 lzsstt
869 2361 914 2386 tn
935 2347 1042 2401 M)
1072 2347 1208 2387 -brico
1227 2346 1265 2388 S
1283 2351 1379 2400 post
1403 2360 1458 2388 20
1477 2347 1549 2388 litt.
1576 2347 1648 2388 lac.
1831 2360 1850 2386 1
1928 2348 1942 2386 ’ἶ

214 2403 552 2442 demonstratum
573 2399 690 2442 SM.
717 2406 886 2452 gestum
906 2401 957 2453 P,
980 2415 1082 2442 corr.
1104 2401 1185 2442 KS
1407 2413 1457 2452 15
1489 2401 1636 2442 Iunius
1663 2400 1728 2442 P.
1757 2401 1828 2442 uni
1868 2407 1885 2451 ‚j
1933 2411 1944 2438 <5

213 2455 293 2495 M:
325 2485 708 2497 ............
751 2455 789 2496 S
953 2456 1148 2496 combros
1182 2455 1240 2497 Sl
1424 2457 1474 2495 16
1502 2456 1635 2506 gessit
1668 2469 1748 2497 ac.
1774 2454 1882 2495 .Ρ”
1927 2499 1952 2514 Ι

213 2511 348 2562 gessit
369 2539 520 2551 .....
546 2523 595 2550 ac
615 2509 691 2549 Μ.
722 2509 836 2560 gessi
858 2539 1246 2552 ............
1281 2510 1343 2551 S:
1375 2510 1522 2561 gessit.
1583 2509 1699 2550 Idem
1730 2515 1879 2562 post
1932 2511 1951 2553 s

214 2564 392 2617 Madvig
606 2564 759 2614 quibus
801 2564 881 2604 hec
928 2565 1279 2616 significabantur
1323 2565 1439 2604 PM.
1497 2594 1506 2603 .
1528 2582 1542 2605 ⁷.
1570 2594 1578 2604 .
1870 2567 1871 2570 ’
1950 2576 1951 2585 ’

213 2618 566 2669 significabantur
604 2618 664 2658 S:
707 2618 860 2669 quibus
896 2619 1001 2659 haec
1039 2619 1299 2669 gerebantur
1335 2617 1587 2658 Manutms:
1627 2619 1681 2658 ab
1708 2594 1780 2658 ..iis
1833 2593 1880 2651 ἦ
1931 2598 1951 2629 ⁷²

212 2673 563 2733 gratificabantur
598 2671 774 2724 Madvig
954 2674 1004 2712 18
1031 2673 1254 2723 abrogauit
1285 2672 1350 2712 P:
1388 2673 1546 2724 abroga
1579 2704 1588 2714 .
1612 2702 1620 2711 .
1649 2702 1657 2712 .
1755 2631 1858 2712 ἒ
1930 2677 1950 2695 ”·

212 2768 435 2819 abrogauit
456 2738 486 2819 q¹
505 2798 678 2810 ......
703 2766 757 2807 M
955 2782 1004 2819 19
1031 2769 1207 2809 alterum
1230 2767 1476 2808 Manutius:
1505 2737 1701 2819 quartum
1725 2769 1786 2821 (-u
1854 2784 1858 2788 ’

212 2835 321 2872 quae
351 2825 413 2875 (q;
450 2822 525 2874 M)
562 2821 676 2862 SM:
720 2829 1009 2874 quantumque
1041 2823 1084 2862 P
1120 2822 1380 2875 (‘Adnotatio
1416 2836 1510 2862 cum
1539 2822 1724 2874 sequenti
1747 2822 1833 2863 locu
1862 2831 1864 2833 ’
1934 2832 1937 2835 ·

213 2882 397 2917 mutasse
425 2875 609 2916 videtur’
630 2876 733 2927 S)
901 2890 955 2916 20
984 2890 1094 2917 coss.
1116 2877 1286 2928 scripse:
1316 2889 1401 2917 005.
1427 2881 1457 2917 Σ
1602 2889 1650 2916 21
1685 2876 1794 2916 uiuis
1813 2874 1870 2916 S
1920 2878 1932 2919 ⁵.

212 2930 433 3024 igniiSsPlM:
463 2931 590 2970 iuniis
611 2933 664 2979 P,
682 2936 782 2971 corr.
810 2930 1034 2971 Manutzus
1056 2931 1131 2980 (ata
1153 2930 1269 2982 mox)
1404 2944 1456 2971 22
1485 2931 1566 2988 illis
1585 2931 1782 2983 Poggms,
1805 2926 1858 2968 M
1866 2940 1869 2941 ⁷
1927 2934 1930 2939 “

213 2998 223 3022 1
260 2998 270 3023 1
