1988 3334
66 0 129 113 1³

82 270 248 341 ,ρῙὼίε
285 277 631 320 accurrerunt:
685 267 857 334 eisque
898 266 1212 317 hortantibus
1254 267 1438 330 vulgus.
1473 265 1762 332 imperitum

56 345 58 374 ³
93 363 270 419 eorpus
301 353 495 403 nudum
527 368 587 402 ac
616 352 876 410 calcatum,
904 348 1036 399 sicut
1056 347 1107 398 in
1137 350 1268 399 lecto
1301 356 1404 398 erat
1437 347 1673 412 positum,
1710 357 1764 396 ut

93 437 292 489 vulnera
315 433 469 485 videri
499 441 702 499 possent
731 431 783 482 in
819 433 980 482 forum
1018 430 1197 481 detulit
1221 438 1271 480 et
1295 429 1346 479 in
1379 429 1546 480 rostris
1579 428 1760 495 posuit.

55 531 58 585 j
94 516 172 573 Ibi
202 534 291 582 pro
327 514 562 566 contione
595 517 810 565 Plancus
844 522 893 564 et
926 512 1198 578 Pompeius
1232 511 1319 577 qui
1348 511 1761 577 competitoribus
1785 524 1854 572 29

56 603 57 606 ’
94 598 296 653 Milonis
320 598 589 649 studebant
613 596 851 647 invidiam
879 595 1061 645 Miloni
1086 597 1322 645 fecerunt.
1386 596 1608 659 Populus
1633 595 1765 644 duce

91 682 196 735 Sex.
247 679 430 732 Clodio
477 679 638 731 scriba
695 695 875 743 corpus
935 681 987 727 P.
1040 678 1189 729 Clodi
1244 676 1296 726 in
1360 676 1547 727 curiam
1600 676 1767 726 intulit

56 766 57 815 ξ
89 761 421 827 cremavitque
446 760 692 811 subselliis
717 770 767 810 et
791 758 1121 810 tribunalibus
1146 767 1196 807 et
1220 757 1406 808 mensis
1431 767 1480 808 et
1505 757 1766 809 codicibus

56 891 57 903 ἶ
91 827 428 917 ᾒῦτατίοωῐης
473 859 576 907 quo
617 841 731 906 igne
773 850 823 891 et
860 840 968 905 ipsa
1009 856 1213 904 quoque
1254 838 1390 889 curia
1437 839 1672 904 flagravit,
1717 848 1767 889 et

55 928 58 1014 i
91 919 208 983 item
258 923 433 975 Porcia
486 923 690 974 basilica
742 939 871 987 quae
918 931 1022 972 erat
1074 921 1120 972 ei
1168 920 1344 971 »iuncta
1389 922 1627 971 ambusta.
1674 930 1767 971 est..

79 999 286 1065 ⁴§Jomus
325 1022 528 1070 quoque
563 1007 634 1054 M.
676 1003 854 1069 Lepidi
888 1001 1254 1066 interregis—is
1279 1002 1412 1052 enim
1452 1002 1766 1066 magistratus

92 1087 270 1141 eurulis
309 1096 412 1137 erat
450 1094 763 1137 creatus-et
803 1083 1024 1135 absentis
1064 1083 1271 1134 Milonis
1313 1085 1492 1134 eadem
1529 1083 1612 1133 illa
1654 1085 1768 1134 Clo-

56 1155 57 1205 Ῑ
90 1163 238 1228 diana
272 1168 541 1218 multitudo
578 1166 896 1232 oppugnavit,
938 1167 1027 1216 sed
1063 1164 1182 1215 inde
1219 1164 1406 1230 sagittis
1443 1166 1639 1230 repulsa
1675 1173 1764 1214 est.

56 1242 57 1323 Ξ
91 1248 223 1302 irum
269 1252 426 1301 fasces
474 1267 534 1299 ex
579 1251 695 1299 luco
744 1247 992 1298 Libitinae
1035 1256 1201 1311 raptos
1243 1246 1408 1296 attulit
1449 1248 1515 1297 ad
1556 1248 1766 1296 domum

56 1331 334 1398 scipionis
387 1341 437 1382 et
491 1330 729 1396 Hypsaei,
786 1329 972 1381 deinde
1021 1331 1087 1380 ad
1140 1331 1313 1379 hortos
1367 1330 1462 1379 Cn.
1520 1327 1763 1393 Pompeii,

64 1414 347 1477 uelamitans
384 1431 500 1465 eum
537 1415 691 1464 modo
727 1414 1000 1484 consulem,
1042 1413 1197 1462 modo
1233 1411 1543 1461 dictatorem.
1731 1473 1734 1476 y

96 1516 123 1551 ι’·
159 1496 458 1547 Incendium
484 1495 649 1545 curiae
674 1494 913 1545 maiorem
943 1494 1200 1559 aliquanto
1225 1492 1623 1558 indignationem
1654 1492 1770 1543 civi-

56 1609 58 1628 s
87 1577 200 1647 &tis
237 1587 458 1630 moverat
494 1594 646 1642 quam
678 1575 956 1626 interfectio
991 1575 1153 1628 Clodi.
1230 1577 1408 1639 Itaque
1434 1574 1575 1635 Milo,
1613 1591 1765 1639 quem

56 1703 57 1719 ,
79 1659 264 1734 §pinio
284 1661 442 1710 fuerat
459 1659 605 1709 ivisse
624 1657 676 1707 in
695 1656 1029 1708 voluntarium
1061 1655 1302 1716 exsilium,
1330 1655 1518 1706 invidia
1542 1657 1767 1706 adversa-

56 1754 57 1763 *
94 1739 273 1808 giorum
299 1750 545 1792 recreatus
570 1749 719 1791 nocte
744 1757 803 1790 ea
826 1739 1038 1790 redierat
1064 1741 1282 1788 Romam
1308 1755 1408 1802 qua
1432 1737 1638 1788 incensa
1663 1747 1766 1788 erat

56 1823 238 1898 ῥιπὴ.
336 1825 646 1888 Petebatque
704 1822 827 1872 nihil
875 1820 1137 1873 deterritus
1191 1822 1541 1882 consulatum3
1598 1829 1766 1884 aperte

56 1917 58 1974 ζ
95 1911 292 1975 'quoque
316 1906 539 1957 tributim
569 1905 621 1955 in
646 1904 866 1969 singulos
892 1903 1028 1954 milia
1056 1902 1242 1953 assium
1268 1904 1487 1954 dederat.
1563 1902 1770 1954 Contio-

56 1984 57 2007 ³
95 1997 209 2051 aem
244 1989 290 2039 ei
320 1998 435 2054 post
458 1988 650 2053 aliquot
682 1987 788 2038 dies
825 1987 966 2038 dedit
1003 1989 1075 2036 M.
1106 1985 1306 2038 Caelius
1340 1984 1569 2036 tribunus
1608 1984 1768 2049 plebis

56 2102 58 2127 2
92 2061 151 2125 fic
175 2071 352 2123 Cicero
383 2071 490 2136 ipse
529 2071 679 2121 etiam
716 2086 917 2119 causam
947 2068 1046 2133 egit
1081 2069 1146 2118 ad
1178 2069 1438 2132 populum.
1515 2066 1767 2117 Dicebant

56 2147 58 2170 i
91 2132 300 2222 ixterque
337 2152 520 2203 Miloni
555 2169 585 2202 a
621 2151 805 2203 Clodio
841 2153 995 2201 factas
1032 2166 1140 2200 esse
1176 2147 1397 2199 insidias,

100 2228 126 2294 Ξ.
161 2234 369 2286 Fiebant
393 2235 580 2285 interea
602 2233 685 2283 alii
705 2251 764 2283 ex
787 2233 897 2283 aliis
919 2233 1200 2297 interregeS,
1228 2231 1345 2296 quia
1364 2230 1567 2281 comitia
1592 2247 1769 2281 consu-

636 132 712 180 IN
752 130 1228 181 MILONIANAM
1699 143 1761 191 33

100 2314 117 2406 i
151 2377 170 2404 1
206 2371 479 2406 accurrerunt
512 2365 575 2406 S:
614 2369 942 2404 accucurrerunt
975 2362 1065 2402 PM
1235 2361 1496 2402 obstantibus
1527 2364 1573 2412 Σ,
1608 2375 1708 2402 corr.
1741 2376 1769 2400 π

79 2431 93 2458 ³2-
147 2433 196 2462 ac
215 2420 418 2462 calcatum
439 2419 616 2460 Daniel:
648 2418 856 2459 caldatum
874 2421 933 2459 2⁴:
962 2417 1183 2458 calciatum
1201 2415 1426 2456 Manutius
1535 2429 1561 2467 3
1590 2422 1769 2468 possent

56 2511 60 2532 ι
79 2523 82 2527 ,
146 2488 156 2517 :
185 2475 350 2527 possint
369 2474 457 2515 SM
620 2486 645 2525 5
676 2475 783 2513 duce
805 2474 906 2514 Sex,
927 2473 970 2511 P
983 2487 993 2511 ε
1023 2472 1152 2511 duces
1173 2476 1217 2511 et
1237 2470 1327 2511 SM
1491 2484 1513 2521 7
1543 2471 1685 2511 menis
1704 2470 1742 2510 S
1760 2485 1769 2509 ε

56 2564 59 2594 1
85 2559 92 2569 -.
137 2542 213 2573 ens
231 2529 331 2581 PM,
360 2543 460 2571 corr.
490 2530 541 2580 ς’,
565 2529 623 2569 ed.
644 2529 759 2569 Iunt.
914 2541 942 2578 9
970 2526 1145 2567 basilica
1164 2526 1231 2565 P:
1259 2525 1411 2566 ballica
1433 2525 1556 2576 (bali-
1577 2525 1649 2579 M)
1682 2525 1772 2565 SM

100 2599 101 2602 ¹
126 2628 143 2638 ⁷.
179 2584 254 2624 sed
274 2584 372 2624 inde
391 2584 558 2624 Halm:
588 2583 743 2622 deinde
764 2587 794 2624 Σ
940 2594 988 2632 13
1018 2581 1112 2621 luco
1137 2579 1370 2632 Wagener:
1399 2580 1511 2620 lecto
1533 2582 1564 2620 Σ
1676 2579 1768 2619 libi-

57 2641 60 2657 ¹
92 2639 94 2678 1
161 2643 302 2681 eratos
322 2643 364 2691 Σ,
388 2652 489 2679 corr.
513 2638 739 2677 Manutius
906 2649 955 2686 14
986 2637 1160 2676 adortos
1182 2638 1226 2686 Σ,
1249 2648 1352 2674 corr.
1376 2634 1436 2674 ed.
1459 2634 1572 2674 Iunt.
1720 2647 1767 2683 17

144 2692 338 2734 terfectio
368 2692 436 2732 P:
468 2692 682 2733 interfecti
713 2691 800 2732 SM
997 2703 1046 2741 19
1076 2695 1284 2729 retractus
1315 2688 1373 2728 Sl
1514 2702 1673 2728 romam
1704 2688 1746 2728 P
1762 2702 1770 2726 ε

156 2758 268 2799 mum
288 2760 448 2788 romam
469 2747 507 2787 S
523 2761 532 2786 :
563 2760 724 2801 romain
746 2758 907 2786 romam
927 2745 981 2784 M
1107 2758 1161 2784 20
1189 2743 1294 2783 nihil
1316 2743 1544 2783 deterritus
1564 2742 1743 2794 Madvig
1761 2757 1770 2781 :

58 2801 59 2809 ¹
99 2799 198 2858 ''milo
217 2801 403 2842 deterius
425 2805 455 2842 Σ
477 2816 486 2840 :
517 2802 652 2841 nihilo
675 2800 863 2841 deterius
882 2799 944 2840 cd.
966 2798 1068 2839 Ald.
1215 2811 1264 2838 21
1298 2798 1490 2849 singulos
1509 2797 1677 2848 singula
1691 2797 1772 2837 ΚΞ

58 2855 59 2858 ’
90 2860 126 2902 ’ᾔ
178 2868 227 2896 ac
258 2856 410 2896 Cicero
440 2856 502 2896 ⁶5:
533 2868 582 2896 ac
616 2856 653 2896 ci
688 2856 758 2895 P:
786 2855 875 2895 acci
908 2853 974 2893 S:
1004 2854 1068 2894 aei
1104 2853 1174 2892 M:
1205 2859 1334 2903 atquc
1367 2853 1547 2904 Madvig
1683 2852 1771 2903 egit

57 2907 60 2918 ⁴
107 2909 296 2968 ,advzssgz
326 2911 452 2951 etiam
475 2912 537 2962 (et
556 2909 629 2962 M)
652 2914 710 2952 Σ;
741 2911 833 2949 eius
862 2909 949 2959 egit
978 2908 1116 2947 Halm
1233 2907 1402 2948 dicebat
1432 2906 1608 2959 Madvig
1719 2918 1771 2957 25

57 2987 60 3021 ᾖ
99 2963 168 3018 qui
188 2969 232 3016 Σ,
253 2977 350 3005 corr.
375 2965 585 3005 Beraldus

58 3035 60 3042 ⁸
149 3029 359 3060 ascomvs
1631 3018 1656 3054 3
