1988 3334
643 129 719 179 IN
758 127 1212 178 PISONIANAM
1704 136 1759 185 ι’]

478 326 616 375 CIR.
657 324 813 372 VER.
855 323 916 372 A.
955 321 1186 371 NOVIS.
1227 321 1369 371 CXX

158 421 204 489 (ξ
228 421 332 488 94.)
357 419 590 484 Ecquid
615 419 796 479 videS,
819 417 1036 483 ecquid
1062 416 1264 477 sentiS‚
1288 418 1416 480 lege
1443 414 1760 467 iudiciaria

92 506 218 564 lata,
246 519 391 568 quos
416 502 666 567 posthac
691 499 923 551 iudices
949 499 1130 549 simus
1154 497 1456 549 habituri?

43 621 72 643 κ,
156 587 338 650 Legem
374 581 681 633 iudiciariam
717 591 834 632 ante
881 581 1073 646 aliquot
1111 597 1272 631 annos
1311 579 1493 645 quibus
1530 578 1760 643 tempori-

42 656 54 742 ᾖ,
89 669 180 722 bus
213 675 471 718 accusatus
497 675 571 716 est
594 667 773 715 Verres
797 682 827 714 a
854 663 1097 716 Cicerone
1127 662 1239 714 tulit
1265 665 1320 713 L.
1348 661 1580 712 Aurelius
1607 663 1758 713 Cotta

43 753 45 758 ’
89 758 292 818 praetor,
319 765 419 813 qua
443 747 813 799 communicata
838 756 953 796 sunt
986 745 1171 796 iudicia
1195 743 1389 796 senatui
1422 754 1471 794 et
1505 743 1756 809 equitibus

43 838 45 853 ³
90 836 326 889 Romanis
352 845 401 886 et
421 821 642 885 ¹tribunis
671 833 881 884 aerariiS.
958 836 1149 884 Rursus
1180 833 1366 884 deinde
1404 831 1673 897 Pompeius
1705 831 1754 880 in

87 921 342 971 consulatu
372 918 609 978 secundo,
646 934 748 981 quo
782 918 906 966 haec
942 915 1101 966 oratio
1137 915 1272 966 dicta
1301 923 1387 975 est,
1425 913 1756 979 promulgavit

85 1008 140 1053 ut
165 999 471 1064 amplissimo
496 1017 555 1049 ex
580 1015 733 1048 censu
767 1016 827 1048 ex
851 997 1086 1048 centuriis
1119 997 1259 1047 aliter
1281 1005 1433 1061 atque
1457 1004 1606 1045 antea
1639 994 1755 1044 lecti

5 1149 7 1151 Ι
50 1069 54 1153 ξ’
85 1081 286 1144 iudiceS,
303 1098 462 1146 aeque
487 1090 654 1131 tamen
681 1097 740 1130 ex
764 1079 858 1130 illis
884 1079 1040 1130 tribus
1065 1079 1339 1139 ordinibus,
1361 1095 1437 1128 res
1462 1076 1752 1127 iudicarent.

424 1293 560 1343 CIR.
602 1292 765 1340 VER.
802 1292 848 1338 A
886 1290 1115 1340 NOVIS.
1158 1289 1399 1337 LXXXX

88 1439 90 1441 ·
151 1417 197 1484 (ξ
221 1415 325 1483 95.)
371 1418 426 1465 L.
466 1414 743 1480 Opimius
777 1413 1004 1464 eiectus
1042 1412 1233 1478 patria
1268 1421 1357 1462 est
1393 1410 1493 1476 qui
1530 1419 1584 1460 et
1620 1419 1754 1476 post

91 1507 420 1567 praeturam
458 1506 513 1547 et
546 1497 757 1548 consul
794 1495 1061 1545 maximis
1095 1492 1381 1559 periculis
1415 1510 1531 1543 rem
1569 1492 1755 1556 publi·

85 1597 207 1646 cam
246 1580 540 1631 liberarat.
617 1581 752 1629 Non
786 1577 844 1628 in
870 1595 938 1628 eo
964 1577 1054 1628 cui
1087 1579 1244 1627 facta
1277 1575 1495 1625 iniuria
1528 1584 1614 1625 est
1651 1574 1754 1625 sed

49 1720 52 1733 ,¹
87 1660 145 1727 i‘n
178 1662 260 1713 eis
296 1661 395 1727 qui
432 1663 705 1712 fecerunt
739 1659 986 1710 sceleris
1023 1668 1078 1709 et
1115 1657 1526 1709 conscientiae
1563 1674 1755 1721 poena

0 1786 2 1793 .
86 1743 415 1810 permansit.

109 1824 113 1825 ⁷
150 1827 338 1877 Notum
371 1833 445 1875 est
482 1822 741 1889 Opimium
776 1823 826 1872 in
860 1833 1087 1887 praetura
1125 1823 1372 1887 Fregellas
1409 1819 1615 1886 cepisse,
1651 1836 1754 1884 quo

86 1907 213 1959 facto
235 1907 367 1958 visus
401 1916 475 1957 est
510 1915 702 1957 ceteros
739 1923 942 1971 quoque
975 1903 1194 1955 nominis
1226 1902 1392 1954 Latini
1427 1902 1590 1953 socios
1624 1903 1754 1951 male

50 1988 322 2060 animatos
380 1987 682 2054 repressisse,
733 1989 1053 2052 eundemque
1101 1987 1151 2036 in
1206 1987 1469 2037 consulatu
1522 1983 1752 2034 Fulvium

84 2068 315 2122 Flaccum
348 2071 659 2121 consularem
693 2078 742 2119 et
780 2071 838 2121 C.
875 2070 1158 2119 Gracchum
1196 2065 1518 2117 tribunicium
1555 2083 1754 2130 oppres-

85 2149 215 2214 sisse,
243 2152 310 2203 ob
334 2169 486 2217 quam
518 2150 756 2203 invidiam
782 2160 956 2215 postea
985 2149 1173 2201 iudicio
1203 2148 1569 2199 circumventus
1597 2156 1672 2198 est
1704 2155 1754 2199 et

9 2286 11 2288 ,
50 2252 53 2258 ’
84 2231 135 2287 in
157 2233 379 2286 exsilium
402 2242 557 2288 actuS.

109 2378 167 2417 ,a
190 2371 232 2406 et
268 2364 368 2416 quid
400 2397 408 2407 .
446 2395 455 2405 .
493 2395 502 2405 .
539 2370 583 2404 et
615 2363 719 2415 quid
750 2367 793 2415 Σ,
831 2377 931 2404 corr.
961 2362 1021 2404 ed.
1051 2362 1152 2403 Ald.
1363 2373 1389 2411 3
1420 2359 1532 2411 quod
1569 2363 1613 2411 Σ,
1653 2375 1753 2402 corr.

86 2414 306 2467 Manutius
479 2419 639 2460 iudices
669 2433 754 2458 om.
790 2418 835 2457 P
1012 2430 1155 2458 sumus
1186 2416 1228 2456 P
1446 2428 1472 2467 5
1503 2421 1569 2456 est
1598 2430 1681 2456 om.
1716 2416 1756 2456 S

88 2471 133 2524 E.
173 2474 234 2515 S:
262 2488 345 2515 om.
387 2474 482 2514 PM
668 2488 696 2525 9
736 2479 864 2525 atque
903 2472 1012 2514 SM:
1043 2486 1127 2524 que
1170 2471 1212 2511 P
1378 2483 1423 2510 11
1468 2483 1496 2510 A
1528 2482 1659 2511 Novrs
1690 2470 1752 2512 ed.

87 2526 196 2587 (yut.
216 2543 229 2568 ι
254 2541 284 2569 Α
305 2542 400 2571 nuo
419 2528 458 2570 S
476 2543 487 2571 ε
516 2541 637 2570 Anvo
657 2528 700 2568 Ρ
866 2541 915 2568 12
945 2528 1083 2581 patria
1114 2526 1305 2580 Poggius
1337 2525 1381 2564 in
1415 2539 1500 2578 mg.
1523 2539 1531 2564 :
1563 2519 1656 2576 pfio
1686 2525 1723 2566 S
1743 2539 1752 2564 2

89 2610 121 2626 .,
122 2611 268 2624 .....
303 2583 415 2624 P¹M
444 2583 531 2636 (est
561 2598 586 2625 e
618 2583 754 2635 patria
790 2583 888 2636 Cic.)
1089 2587 1187 2633 post
1219 2586 1458 2633 praeturam
1492 2583 1547 2621 Σε
1581 2586 1753 2632 praetor

1 2640 4 2642 ’
89 2631 166 2681 Cic.
284 2651 334 2691 13
362 2651 451 2680 rem
472 2652 513 2690 p.
534 2638 735 2690 periculis
757 2638 837 2679 Cic.
954 2650 1001 2686 14
1034 2638 1077 2677 in
1099 2650 1195 2676 eum
1216 2635 1282 2676 cui
1297 2638 1340 2687 Σ,
1365 2648 1465 2675 corr.
1483 2633 1688 2674 Lodoicus
1705 2648 1756 2674 ex

89 2688 165 2733 Cic.
276 2699 342 2734 est
361 2692 512 2734 iniuria
535 2693 615 2734 Cic.
731 2695 781 2733 16
810 2691 1045 2743 permansit
1068 2691 1146 2732 Cic.
1169 2689 1253 2731 cod.
1278 2689 1319 2729 E
1335 2704 1343 2728 z
1374 2690 1580 2730 remansit
1602 2692 1648 2739 Σ,
1672 2689 1750 2729 Cic.

1 2777 6 2782 .
87 2745 196 2788 codd.
220 2747 312 2789 dett.
500 2761 547 2798 17
577 2761 633 2788 ex
654 2754 853 2799 praetura
873 2747 973 2788 Rau
1163 2747 1211 2785 18
1241 2751 1364 2797 pacto
1386 2748 1429 2796 Σ,
1454 2758 1552 2784 corr.
1579 2743 1757 2797 Madvig

6 2842 15 2858 1
90 2811 141 2853 19
168 2801 360 2844 Fulvium
382 2802 577 2844 Flaccum
599 2815 682 2843 om.
708 2802 745 2842 S

55 3069 57 3079 ,
141 3038 349 3074 Ascomvs
1609 3030 1633 3066 2
