1988 3334
52 87 129 266 {s-
642 116 719 167 IN
758 115 1208 167 P1soN1ANAM
1486 102 1488 105 ’
1695 130 1753 180 ις

52 231 266 486 {rasso
303 264 503 322 propter
544 270 791 306 summam
830 253 935 305 eius
972 253 1022 303 in
1061 270 1112 304 re
1148 252 1349 318 publica
1385 253 1659 317 potentiam
1697 270 1755 304 ac

52 331 54 359 ³
94 341 98 347 '
118 338 374 405 ''gnitatem
401 346 629 387 senatum
654 336 704 386 in
731 337 1052 387 decernendo
1077 334 1331 400 triumpho
1354 334 1630 399 gratificari,
1653 352 1754 385 non

51 390 55 473 i
78 406 92 450 s
122 407 328 472 ubitavit
352 419 422 470 rei
446 419 676 485 publicae
702 418 856 483 magis
881 435 1033 483 quam
1059 419 1278 482 collegae
1303 417 1487 467 habere
1512 417 1757 468 rationem

51 496 55 563 ἓ
87 487 145 569 ὃς
168 518 231 553 ne
256 503 394 553 fieret
419 502 465 552 S.
495 502 552 553 C.
581 499 872 552 intercessit.
947 501 1093 550 Idem
1112 498 1438 564 provinciam,
1454 497 1595 550 cuius
1625 499 1758 563 cupi-

51 571 238 677 &3³³²oe
275 582 499 648 plerique
537 582 687 634 etiam
723 581 845 635 boni
881 581 969 633 viri
1005 581 1336 648 deliquerant,
1359 582 1658 647 deposuerat
1694 597 1757 631 ne

51 649 54 702 ¹
86 662 303 744 Qumptui
327 674 458 717 esset
483 664 684 719 †oratio.

52 761 111 1001 i
788 880 1058 929 STATIM

0 982 2 988 '
51 928 79 1026 i·
155 979 200 1044 (ξ
225 977 329 1043 62.)
366 976 562 1027 Inrisa
603 984 691 1026 est
725 992 756 1024 a
791 983 848 1025 te
885 972 1064 1040 paulo
1105 982 1243 1024 ante
1281 976 1354 1023 Μ.
1394 972 1631 1023 Pisonis
1674 990 1762 1023 cu-

52 1059 311 1112 ‘iditas
348 1056 758 1124 triumphandi
792 1073 823 1106 a
858 1073 971 1121 qua
1009 1064 1066 1105 te
1104 1057 1273 1120 longe
1311 1054 1519 1105 dixisti
1557 1055 1763 1105 abhor-

51 1140 244 1224 pere.
281 1141 382 1207 qui
414 1140 591 1192 etiam
621 1140 669 1190 si
698 1139 892 1189 minus
926 1155 1200 1202 magnum
1233 1138 1457 1188 bellum
1481 1146 1758 1201 gesserat,

62 1218 266 1291 :istum
330 1224 616 1272 honorem
681 1220 1086 1272 omittendum
1157 1235 1274 1270 non
1340 1218 1587 1283 putavit.
1674 1221 1762 1268 Tu

4 1295 6 1300 ¹
51 1302 92 1373 ᾗ
126 1305 382 1373 ιῇιιάἰῖίοι·
420 1321 590 1369 quam
633 1303 782 1354 Piso.

50 1338 99 1458 i}
160 1387 286 1451 Quis
310 1386 392 1436 hic
419 1389 490 1436 M.
520 1386 637 1436 Piso
661 1385 807 1435 fuerit
832 1386 983 1436 credo
1008 1401 1096 1434 vos
1126 1384 1365 1449 ignorare.
1439 1383 1554 1434 Fuit
1578 1392 1761 1445 autem,
1787 1397 1845 1445 14

50 1464 148 1558 ζμ
175 1478 299 1535 puto
337 1469 436 1519 iam
484 1485 578 1518 nos
614 1467 812 1529 dixisse,
858 1466 1046 1532 Pupius
1082 1466 1198 1516 Piso
1232 1465 1423 1518 eisdem
1456 1465 1765 1530 temporibus

50 1545 72 1626 i'.
89 1553 273 1604 ==uibus
316 1551 507 1612 Cicer0,
550 1552 639 1602 sed
677 1560 818 1603 tanto
851 1559 1013 1601 aetate
1049 1549 1206 1604 maior
1246 1557 1302 1600 ut
1332 1550 1765 1600 adulescentulum

51 1660 119 1695 -;.
138 1635 389 1685 iceronem
414 1642 552 1697 pater
575 1634 641 1683 ad
666 1650 781 1683 eum
811 1634 1094 1692 deduceret,
1123 1633 1262 1696 quod
1286 1631 1338 1680 in
1363 1648 1425 1681 eo
1458 1640 1507 1681 et
1531 1630 1766 1695 antiquae

0 1674 77 1739 τι

50 1718 53 1734 ι

50 1748 53 1777 Ι
64 1742 77 1773 .’·“-

51 1851 53 1862 A

72 1715 219 1792 'uftae
261 1714 535 1765 similitudo
582 1724 631 1764 et
672 1717 858 1764 multae
900 1723 1041 1764 erant
1085 1713 1305 1763 litterae:
1359 1722 1524 1763 orator
1563 1729 1767 1778 quoque

69 1802 115 1870 ’ᾗί
145 1798 266 1848 elior
290 1813 440 1862 quam
465 1796 769 1860 frequentior
792 1796 991 1846 habitus
1017 1805 1103 1846 est.
1180 1795 1394 1845 Biennio
1418 1804 1588 1844 tamen
1613 1794 1766 1844 serius

51 1878 117 1947 Νι
130 1896 244 1930 uam
270 1879 448 1930 Cicero
478 1881 655 1928 consul
684 1878 776 1928 fuit
792 1897 806 1941 3
848 1877 1170 1942 triumphavit
1202 1894 1394 1942 procos,
1423 1878 1488 1927 de
1518 1877 1768 1942 Hispania

52 1955 158 2016 131..)
209 1958 484 2010 Hortensio
534 1961 596 2022 Q.
643 1962 853 2010 Metello
907 1959 1107 2011 Cretico
1166 1975 1292 2009 coss
1342 1967 1459 2010 ante
1507 1958 1764 2010 Ciceronis

5 2044 8 2055 ’
59 2017 78 2079 ἶ
103 2041 106 2049 '
133 2045 419 2093 nsulatum.

72 2197 80 2210 Ι

72 2227 79 2237 μ

65 2259 81 2271 *1

65 2273 81 2306 2

2 2208 3 2225 1
51 2200 53 2231 4

683 2269 778 2316 ΡΑ
798 2268 934 2338 VLO
967 2267 1167 2317 POST

162 2362 207 2430 (ξ
232 2364 336 2431 65.)
375 2366 613 2413 Instant
650 2371 782 2427 post
817 2361 1122 2411 hominum
1158 2362 1497 2412 memoriam
1530 2379 1768 2428 appara-

51 2451 102 2535 ij?
123 2442 311 2496 issimi
383 2442 1098 2510 magnificentissimique
1169 2443 1307 2504 ludi,
1381 2445 1579 2508 quales
1651 2461 1766 2493 non

51 2570 100 2670 li?
205 2589 318 2629 idem
337 2587 563 2629 Bucheler:
592 2588 670 2627 sed
692 2587 804 2627 idem
826 2590 856 2627 Σ
977 2597 1003 2636 5
1033 2585 1310 2636 deliquebant
1334 2585 1480 2637 (-linq-
1503 2584 1577 2639 Μ)
1600 2590 1645 2635 Σ,
1666 2599 1767 2628 corr.

71 2636 86 2681 'i
302 2646 331 2683 6
359 2643 498 2683 oratio
521 2635 618 2696 (6ῗὸ
637 2642 696 2694 Ρ)
719 2645 750 2681 Σ
769 2655 778 2681 :
807 2641 973 2681 aerario
995 2640 1246 2680 Manutius:
1263 2642 1366 2691 fort.
1389 2640 1548 2692 populo
1571 2641 1768 2681 Romano

77 2735 86 2752 ,
202 2701 233 2740 Σ
253 2713 264 2740 2
287 2698 361 2739 abs
382 2698 461 2740 Cic.
638 2710 687 2737 10
717 2702 911 2748 gesserat
931 2699 962 2737 Σ
980 2710 990 2736 :
1019 2701 1066 2735 ut
1085 2696 1161 2735 abs
1181 2701 1224 2735 te
1244 2695 1402 2735 dictum
1423 2702 1488 2736 est
1507 2701 1650 2736 tamen
1671 2696 1768 2738 add.

51 2747 54 2802 ξ
81 2752 112 2813 {7
134 2752 179 2795 ic.
197 2753 236 2795 ς
430 2765 476 2792 11
508 2752 786 2792 omittendum
821 2755 879 2792 Στ
905 2751 1266 2790 contemnendum
1300 2749 1377 2790 Cic.
1520 2756 1565 2790 tu
1601 2750 1678 2791 Cic.
1702 2751 1740 2792 ς
1757 2765 1767 2791 :

52 2838 54 2862 ἰ
77 2819 120 2864 :3¹
157 2819 205 2849 er
223 2810 254 2849 Σ
386 2820 434 2847 12
464 2807 563 2847 Piso
585 2807 664 2848 Cic.
685 2807 723 2847 ς’
737 2821 746 2847 z
779 2806 872 2857 ipso
892 2804 953 2845 S:
984 2806 1079 2856 ipse
1098 2803 1193 2844 PM
1322 2818 1371 2855 14
1402 2804 1450 2846 P.
1474 2805 1577 2845 Piso
1598 2809 1643 2854 Σ,
1664 2818 1766 2846 corr.

151 2862 321 2903 anutius
463 2863 514 2902 16
543 2875 596 2902 eo
616 2862 744 2903 etiam
767 2873 876 2912 quae
896 2863 940 2911 Σ,
964 2872 1063 2901 corr.
1084 2860 1136 2910 ς’,
1160 2857 1387 2899 Manutius
1546 2861 1596 2900 18
1624 2861 1768 2901 secius

308 2928 361 2956 22
391 2915 485 2958 add.
508 2915 591 2956 KS
774 2927 827 2967 23
858 2913 1114 2967 paratissimi
1130 2914 1314 2968 plerique
1331 2913 1444 2956 codd.
1467 2913 1544 2956 Cic.

94 2602 179 2684 ἕ

151 2710 178 2738 a

84 2927 86 2929 ,

52 2992 114 3047 ,ιΔ
