1988 3334
208 134 269 192 78
833 170 836 171 γ
862 130 1208 181 Ascomvs
1294 167 1298 170 .

323 181 371 190 K*

274 270 466 324 Etiam
491 271 637 319 haec
661 268 1376 333 recentiora—praetereo:
1420 269 1689 320 Porciam
1722 269 1885 335 prin⁴
1935 269 1952 341 ,ἵ

207 351 428 416 cipium
476 351 845 401 iustissimae
886 349 1190 400 libertatis
1211 368 1225 412 3
1280 351 1548 402 Cassiam
1587 369 1702 416 qua
1742 354 1873 417 lege
1932 378 1941 405 s

210 433 627 498 suffragiorum
666 432 755 483 ius
796 441 1185 497 potestasque
1233 431 1574 495 convaluit3
1625 435 1872 483 alteram

210 515 474 566 Cassiam
513 531 661 580 quae
699 513 907 579 populi
945 513 1170 564 iudicia
1207 513 1484 564 firmavit.

274 598 419 658 Quae
454 595 517 646 sit
554 595 636 645 illa
676 597 754 645 lex
790 594 963 646 Cassia
999 611 1098 659 qua
1130 595 1470 660 suffragiorum
1503 604 1723 661 potestas
1761 611 1875 645 cona

204 677 357 728 valuit
388 677 706 727 manifestum
742 686 847 738 est,·
887 694 1003 727 nam
1039 676 1146 741 ipse
1182 693 1384 742 quoque
1419 679 1569 742 paulo
1603 686 1719 727 ante
1754 676 1877 727 dixit
1937 693 1958 748 ζῇ

205 761 364 823 legem
391 758 620 810 Cassium
656 758 826 808 tulisse
861 767 916 808 ut
951 760 1166 823 populus
1201 775 1288 823 per
1323 759 1557 809 tabellam
1593 757 1876 822 suffragium
1936 749 1942 775 ³
1957 790 1959 824 ξ

205 843 363 890 ferret.
436 842 607 890 Altera
631 840 805 892 Cassia
839 842 917 890 lex
942 857 1070 904 quae
1102 839 1276 905 populi
1308 838 1492 890 iudicia
1515 839 1879 923 firmavitnquae
1939 845 1959 904 :‚]

206 922 268 972 sit
303 931 468 987 potest
500 922 683 988 quaeri.
758 924 849 971 Est
883 931 1051 972 autem
1087 924 1242 972 haec:
1281 924 1335 971 L.
1365 921 1566 973 Cassius
1606 924 1660 971 L.
1688 923 1720 971 f.
1748 924 1879 972 Lon·
1938 917 1960 983 2.

205 1003 350 1068 ginus
383 1004 609 1054 tribunus
641 1003 801 1069 plebis
828 1005 883 1055 C.
915 1003 1077 1054 Mario
1104 1005 1159 1055 C.
1190 1003 1360 1054 Flavio
1393 1021 1517 1054 coss.
1546 1005 1711 1068 plures
1747 1005 1879 1068 leges
1959 998 1961 1019 ¹

205 1087 271 1136 ad
307 1085 631 1137 minuendam
667 1085 939 1136 nobilitatis
975 1084 1250 1150 potentiam
1287 1085 1415 1148 tulit,
1447 1085 1498 1134 in
1531 1085 1714 1150 quibus
1749 1086 1880 1134 hanc

207 1167 357 1218 etiam
376 1178 431 1217 ut
449 1184 599 1232 quem
619 1170 833 1233 populus
853 1169 1138 1233 damnasset
1156 1166 1298 1217 cuive
1317 1166 1580 1232 imperium
1595 1167 1897 1231 abrogasset

207 1249 258 1298 in
300 1258 474 1300 senatu
517 1266 581 1300 ne
623 1259 766 1300 esset.
839 1251 1042 1299 Tulerat
1079 1258 1246 1299 autem
1285 1254 1395 1299 eam
1434 1247 1646 1298 maxime
1681 1257 1881 1312 propter
1938 1258 1963 1301 ἢ

208 1331 482 1382 simultates
506 1349 622 1381 cum
649 1334 712 1395 Q.
739 1331 944 1382 Servilio
970 1330 1055 1395 qui
1084 1339 1201 1381 ante
1234 1329 1491 1381 biennium
1525 1331 1700 1380 consul
1724 1331 1894 1390 fuerat,
1939 1316 1965 1380 ’ἰ

208 1422 258 1463 et
292 1412 373 1463 cui
409 1415 641 1477 populuS,
670 1413 949 1477 quiamale
980 1413 1215 1463 adversus
1250 1411 1482 1481 Cimbros
1514 1428 1617 1461 rem
1649 1420 1901 1476 gesserat,
1947 1444 1949 1447 .

209 1494 471 1558 imperium
494 1494 762 1559 abrogavit.

280 1575 414 1625 Dicit
438 1577 503 1626 de
528 1575 780 1625 nobilibus
800 1595 809 1625 :

280 1656 394 1719 Qui
419 1673 535 1706 non
562 1657 736 1707 modo
756 1673 885 1706 cum
912 1657 1080 1706 Sulla
1098 1672 1290 1705 verum
1312 1654 1490 1704 etiam
1516 1655 1623 1706 illo
1648 1665 1883 1706 mortuo

144 1790 146 1793 ,
214 1754 442 1802 semper
466 1739 578 1788 hoc
604 1754 705 1801 per
730 1754 790 1787 se
809 1736 1051 1786 summis
1077 1736 1291 1800 opibus
1316 1736 1699 1787 retinendum
1725 1745 1882 1802 puta·
1945 1754 1954 1807 2

214 1825 440 1878 verunt,
491 1817 898 1868 inimicissimi
947 1819 1004 1869 C.
1059 1819 1274 1868 Cottae
1326 1819 1578 1879 fuerunt,
1630 1819 1788 1882 quod
1835 1817 1881 1868 is
1942 1870 1949 1890 ἱ

215 1901 425 1949 consul
462 1901 702 1964 paulum
739 1898 1000 1948 tribunis
1038 1899 1232 1962 plebis
1270 1916 1384 1949 non
1422 1899 1743 1964 potestatis
1779 1900 1882 1950 sed
1943 1922 1961 1974 ᾗ

216 1979 531 2044 dignitatis
569 1979 818 2030 addidit.

286 2061 388 2111 Hic
421 2063 583 2121 Cotta,
612 2070 666 2110 ut
698 2070 820 2125 puto
852 2076 935 2110 vos
964 2062 1217 2120 reminisci,
1251 2062 1410 2125 legem
1448 2060 1558 2110 tulit
1591 2070 1645 2110 ut
1677 2060 1887 2111 tribunis

122 2157 194 2209 70
216 2142 376 2208 plebis
414 2142 582 2193 liceret
622 2152 796 2207 postea
831 2142 955 2192 alios
994 2141 1303 2206 magistratus
1345 2159 1521 2206 capere
1541 2160 1551 2192 z
1600 2144 1738 2207 quod
1779 2144 1905 2206 lege
1949 2149 1960 2166 ³

217 2226 382 2275 Sullae
405 2223 476 2274 eis
501 2232 603 2274 erat
625 2226 931 2289 ademptum.
1953 2276 1961 2283 ,.

286 2309 473 2370 Quam
508 2306 608 2356 diu
639 2306 878 2370 quidem
911 2307 1022 2355 hoc
1058 2305 1255 2355 animo
1288 2323 1422 2371 erga
1445 2322 1546 2355 vos
1579 2305 1683 2354 illa
1714 2305 1905 2370 plebs
1958 2315 1972 2388 ,Ἰ

217 2387 327 2437 erit
351 2404 466 2451 quo
493 2404 551 2437 se
575 2386 845 2438 ostendit
869 2403 1012 2448 esse,
1041 2403 1170 2436 cum
1200 2388 1388 2451 legem
1412 2385 1728 2446 Aureliam,
1757 2401 1883 2436 cum
1962 2394 1973 2448 ,ἶ

219 2468 497 2519 Rosciam
521 2485 637 2518 non
663 2470 838 2519 modo
861 2467 1098 2532 accepit
1123 2469 1226 2518 sed
1250 2466 1428 2518 etiam
1453 2466 1830 2531 efflagitavit.
1883 2496 1886 2497 ν

285 2549 486 2599 Aurelia
509 2552 616 2614 lege
641 2549 1009 2599 communicata
1033 2565 1141 2599 esse
1177 2548 1362 2599 iudicia
1396 2548 1522 2598 inter
1555 2557 1806 2598 senatores
1837 2554 1902 2624 et·
1946 2554 1973 2616 ’.ἐς

217 2640 497 2696 equestrem
530 2631 756 2682 ordinem
789 2640 838 2681 et
874 2630 1099 2681 tribunos
1131 2630 1342 2680 aerarios
1368 2634 1549 2694 †quam
1587 2631 1642 2679 L.
1673 2626 1889 2679 Roscius
1943 2621 1967 2707 *ξ

278 2773 296 2799 1
330 2765 552 2812 praeterea
571 2763 615 2811 Σ,
638 2773 738 2800 corr.
762 2759 986 2799 Manutius
1132 2759 1326 2799 Porciam
1348 2758 1506 2812 (-tiam)
1528 2756 1619 2798 SM
1631 2771 1641 2797 z
1671 2769 1827 2808 ponam
1866 2757 1898 2790 ''-

220 2828 300 2864 2-4
329 2827 412 2866 qua
430 2844 441 2855 .
465 2843 477 2855 .
501 2843 510 2854 .
535 2814 726 2854 Cassiam
749 2827 829 2854 om.
853 2813 891 2853 S
1017 2826 1043 2863 3
1072 2813 1137 2853 ius
1156 2813 1220 2853 P:
1251 2814 1317 2852 uis
1337 2812 1390 2850 M
1506 2824 1531 2863 5
1560 2812 1617 2851 sit
1638 2812 1898 2852 Manutius:
1962 2839 1975 2864 Η

220 2874 287 2909 est
307 2873 338 2909 Σ
533 2881 583 2908 10
612 2869 659 2909 C.
685 2868 829 2908 Flavio
847 2866 1050 2920 Sigonius
1069 2881 1079 2907 :
1110 2867 1156 2908 C.
1179 2867 1280 2919 (om.
1305 2867 1353 2906 C.
1373 2866 1432 2918 S)
1456 2867 1589 2906 flacco
1609 2871 1640 2907 Σ
1818 2876 1890 2916 -14
1952 2872 1968 2918 Γ,

223 2921 412 2963 Servilio
442 2922 645 2975 Sigonius
664 2951 673 2962 .
702 2921 851 2962 cecilio
883 2925 914 2963 Σ
1083 2923 1132 2960 16
1161 2920 1385 2972 imperium
1412 2921 1589 2961 hocloco
1608 2919 1701 2961 hab.
1723 2919 1779 2970 P,
1791 2924 1893 2971 pose,

220 2978 366 3028 abrog.
386 2977 436 3017 M
454 2991 463 3015 z
493 2990 576 3017 om.
601 2975 639 3016 S
751 2988 799 3026 17
832 2987 948 3016 mcx-r
967 2987 1023 3014 nr:
1045 2987 1279 3015 Nomussvs
1297 2974 1341 3014 P
1354 2975 1397 3014 in
1420 2988 1505 3028 mg.
1524 2989 1534 3014 z
1562 2981 1647 3015 om.
1672 2973 1726 3012 M
1830 2984 1886 3024 23
1940 2985 1969 3028 ¹2<

220 3044 299 3071 vos
323 3031 535 3071 reminisci
559 3030 691 3083 suppl.
713 3029 795 3070 KS
930 3041 982 3080 25
1012 3029 1061 3069 iis
1082 3029 1147 3068 P:
1176 3030 1243 3069 his
1255 3027 1347 3068 SM
1467 3041 1524 3079 30
1551 3028 1740 3068 aerarios
1759 3037 1884 3078 quam
1938 3033 1968 3083 ‘³⁶⁵'

222 3090 252 3125 Σ
271 3099 280 3125 :
297 3086 402 3134 fort.
423 3085 611 3125 aerarios
631 3084 827 3125 diximus.
892 3083 1050 3124 Roscia
1066 3089 1132 3124 est
1153 3096 1235 3134 qua
1257 3083 1425 3134 (stcfet’e
1443 3082 1661 3136 Stgom'us)
1941 3082 1947 3086 ’
