1988 3334
243 125 265 155 1
275 125 305 156 0
902 112 1248 163 ASCONIVS

613 307 752 356 CIR.
791 308 951 356 VER.
992 309 1039 356 A
1076 308 1310 358 PRIMO
1348 309 1542 359 DCXX

310 419 355 485 (§
379 420 478 486 24.)
517 422 786 486 Seplasia
822 441 910 474 me
941 426 1178 486 hercule,
1214 435 1269 475 te
1302 434 1362 474 ut
1388 423 1637 489 primum
1662 422 1863 489 aspexi
1904 463 1907 468 ,
1936 446 1953 489 3³-

240 503 605 568 Campanum
642 507 949 555 consulem
986 506 1342 571 repudiavit.

308 585 514 635 Dictum
548 596 622 636 est
651 587 702 636 in
740 587 1050 639 dissuasione
1086 588 1207 653 legis
1243 587 1459 654 agrariae
1494 589 1630 653 apud
1665 589 1853 652 populu
1886 611 1907 632 ιι

235 668 450 731 plateam
486 685 594 717 esse
627 656 831 733 Capuae
867 687 995 734 quae
1031 669 1252 735 Seplasia
1285 671 1572 735 appellatur,
1609 668 1661 717 in
1690 685 1789 733 qua
1821 684 1903 717 un
1939 660 1959 719 ἶ,

234 748 476 812 guentarii
511 750 750 815 negotiari
787 751 886 801 sint
921 751 1065 801 soliti.
1141 754 1272 816 Ergo
1308 768 1394 801 eos
1424 768 1627 816 quoque
1661 749 1747 815 qui
1771 748 1822 799 in
1958 800 1959 815 ζ

235 833 399 894 platea
445 832 812 896 negotiarentur
859 833 981 883 dicit
1028 833 1209 883 invitos
1259 832 1494 883 Pisonem
1542 831 1738 892 vidisse,
1790 849 1851 881 cu
1884 850 1903 877 ι·
1940 853 1942 858 ·

237 913 463 977 Capuam
502 916 677 963 consul
720 914 868 975 venit,
914 917 1052 979 quod
1095 932 1180 964 eos
1223 932 1252 964 a
1294 914 1476 979 quibus
1520 913 1625 978 ipse
1673 915 1906 979 expulsu
1938 898 1958 959 ⁴1

234 1003 337 1044 erat
360 995 641 1046 adiuvisset.

609 1206 746 1254 CIR.
787 1206 946 1253 VER.
986 1207 1033 1253 A
1070 1204 1303 1255 PRIMO
1342 1205 1532 1254 DCXL

301 1297 347 1363 (ξ
380 1299 480 1365 26.)
518 1301 766 1364 Ecquod
813 1299 871 1349 in
919 1301 1028 1349 hac
1075 1300 1219 1349 urbe
1261 1299 1448 1349 maius
1496 1315 1771 1363 umquam
1819 1297 1878 1348 in
1898 1344 1900 1346 ,
1935 1291 1941 1313 ”

234 1379 510 1430 cendium
548 1381 661 1430 fuit
697 1381 791 1430 cui
833 1398 951 1430 non
994 1382 1207 1430 consul
1250 1379 1635 1430 subveniret?
1721 1382 1796 1429 At
1843 1389 1863 1429 t
1887 1443 1894 1448 ἢ
1953 1366 1956 1416 ἶ

234 1461 341 1511 ἱ110
388 1461 518 1526 ipso
566 1471 832 1527 tempore
879 1464 1036 1527 apud
1089 1479 1320 1512 socrum
1374 1471 1534 1511 tuam
1556 1527 1559 1529 ‚
1587 1461 1757 1511 cuius
1805 1453 1944 1512 dol‘

235 1561 385 1593 mum
419 1546 490 1594 ad
525 1561 709 1594 meam
735 1543 1200 1594 exhauriendam
1226 1545 1599 1608 patefeceras
1633 1543 1886 1593 sedebas
1936 1586 1954 1624 ἲ,

301 1628 420 1675 Post
456 1625 815 1690 profectionem
851 1643 911 1676 ex
946 1626 1069 1676 urbe
1106 1625 1362 1677 Ciceronis
1396 1626 1532 1675 bona
1567 1624 1672 1674 eius
1709 1627 1762 1674 P.
1792 1626 1878 1676 Cl·
1934 1631 1943 1673 ἢ

231 1706 343 1757 dius
368 1707 638 1772 publicavit
654 1726 668 1770 3
705 1716 970 1772 postquam
1007 1707 1199 1771 direpta
1235 1716 1349 1757 sunt
1385 1706 1554 1757 omnia
1583 1724 1711 1771 quae
1742 1707 1866 1756 auti
1901 1732 1904 1751 ι
1950 1746 1954 1754 .

231 1791 386 1839 domo
421 1798 506 1839 aut
542 1789 592 1838 in
617 1789 743 1839 villis
779 1791 991 1851 fuerunt,
1020 1799 1068 1840 et
1098 1808 1158 1840 ex
1190 1789 1260 1839 eis
1293 1792 1358 1840 ad
1391 1789 1525 1854 ipsos
1550 1791 1781 1840 consules
1805 1792 1852 1839 la
1881 1808 1901 1832 ,ι
1948 1835 1950 1845 ,

231 1873 502 1936 complura,
546 1873 726 1922 domus
769 1870 961 1936 direpta
999 1871 1227 1936 primurn,
1273 1871 1457 1922 deinde
1499 1871 1806 1922 inflammata
1843 1889 1900 1922 a
1930 1870 1940 1891 ⁹

231 1952 394 2003 diruta
418 1962 504 2004 est.
579 1956 759 2003 Socrus
797 1953 991 2004 Pisonis
1028 1970 1156 2018 quae
1191 1952 1336 2004 fuerit
1371 1952 1591 2003 invenire
1616 1970 1718 2003 non
1744 1952 1899 2018 potui
1935 2010 1939 2021 ⁸

151 2048 210 2084 10
233 2034 463 2085 videlicet
488 2037 625 2100 quod
662 2043 888 2085 auctores
924 2052 1085 2085 rerum
1125 2052 1227 2085 non
1269 2034 1475 2099 perinde
1504 2034 1555 2083 in
1585 2034 1818 2085 domibus
1843 2051 1899 2086 a·>

232 2116 429 2166 familiis
465 2117 776 2178 feminarum,
810 2116 903 2166 nisi
937 2116 1213 2177 illustrium,
1242 2133 1300 2166 ac
1325 2116 1539 2166 virorum
1577 2116 1782 2167 nomina
1814 2126 1886 2167 tra
1933 2114 1939 2127 '

230 2198 474 2249 diderunt.

292 2342 310 2367 1
345 2340 572 2369 PRINCIPIO
592 2328 630 2367 S
764 2341 880 2368 Dcxx
900 2329 965 2369 P:
997 2341 1100 2369 Dccc
1121 2329 1158 2368 S
1366 2341 1390 2366 2
1420 2328 1603 2379 selapsia
1623 2327 1666 2366 P
1683 2329 1761 2380 (ita
1782 2340 1899 2368 mox
1944 2322 1947 2337 '

235 2383 478 2423 mehercule
494 2382 555 2435 cd,
575 2381 670 2423 Ven.
699 2398 707 2423 :
736 2384 792 2423 he
813 2413 1138 2424 ..........
1163 2386 1193 2424 Σ
1212 2397 1220 2422 z
1251 2382 1493 2422 mehercule
1510 2388 1555 2422 ut
1576 2383 1658 2422 dici
1678 2382 1855 2423 audieba
1881 2403 1887 2417 ι

236 2437 330 2489 Cic„
352 2453 379 2475 π
489 2437 552 2477 uti
573 2437 634 2478 ed.
656 2437 751 2477 Ven.
777 2438 935 2491 (contra
958 2438 1059 2490 Cic.)
1241 2451 1262 2487 7
1295 2437 1570 2488 negotiantur
1588 2436 1626 2476 S
1732 2436 1845 2476 dicat
1880 2442 1893 2451 ”
1943 2476 1944 2479 ,

233 2493 260 2530 8
289 2492 382 2542 ipse
402 2491 622 2531 Bucheler:
653 2492 723 2532 ille
747 2496 777 2532 Σ
975 2506 1025 2532 10
1053 2505 1185 2533 cmc».
1203 2504 1305 2531 VER.
1330 2504 1359 2530 A
1380 2504 1449 2532 PR.
1472 2491 1514 2531 Ρ
1649 2503 1764 2531 Dcxx
1807 2490 1887 2531 ΞΡ
1942 2497 1945 2547 f

234 2559 334 2586 corr.
369 2546 430 2586 ed.
471 2546 573 2586 Ald.
774 2560 819 2586 11
853 2553 896 2587 et
923 2548 1037 2597 quod
1074 2551 1117 2596 Σ,
1155 2546 1267 2586 codd.
1309 2544 1522 2595 Ciyceroms
1559 2559 1658 2586 corr.
1696 2545 1895 2587 Lodoicu

241 2613 289 2638 12
319 2601 568 2640 subvenerit
591 2601 667 2642 Cic.
787 2614 836 2652 13
869 2602 972 2641 illo
962 2615 1056 2652 lpso
1077 2578 1127 2651 Ρ,
1154 2601 1233 2640 Ci.c
1260 2615 1270 2640 :
1300 2600 1428 2639 illos
1418 2612 1534 2650 ipsos
1555 2599 1646 2639 SM
1788 2607 1858 2640 tua
1882 2621 1899 2635 v.
1928 2604 1943 2629 =:

236 2658 267 2695 Σ
286 2670 295 2694 z
326 2661 442 2694 tuam
462 2668 599 2706 prope
622 2669 647 2694 a
667 2656 772 2696 meis
794 2657 970 2696 aedibus
994 2656 1073 2696 Czc.
1091 2631 1128 2696 ς’
1226 2655 1346 2694 cuius
1367 2655 1538 2694 domum
1554 2655 1607 2694 ad
1623 2653 1876 2694 Hotomane
1940 2662 1943 2689 ¹

238 2709 316 2748 Cic.
338 2724 346 2748 :
380 2711 446 2748 cui
468 2710 637 2749 domum
660 2715 690 2748 Σ
818 2723 865 2760 14
887 2723 1023 2750 meam
1046 2714 1076 2751 Σ
1097 2724 1106 2749 :
1137 2722 1274 2749 meam
1296 2709 1465 2748 domum
1490 2708 1569 2748 Cic.
1703 2722 1749 2758 17
1784 2709 1872 2759 ips
1894 2717 1896 2720 ·
1939 2726 1942 2746 ι

235 2764 391 2804 collata
411 2767 454 2815 Σ,
479 2778 579 2804 corr.
602 2764 829 2805 Manutius
962 2766 1010 2804 18
1040 2765 1167 2805 domfl
1188 2762 1276 2804 SP¹
1300 2777 1309 2802 :
1339 2764 1489 2802 domos
1510 2763 1569 2814 M,
1602 2776 1701 2804 corr.
1718 2763 1856 2815 Poggi
1939 2766 1942 2792 ἔ

234 2819 374 2858 diruta
394 2818 461 2858 P:
492 2819 644 2859 duruta
664 2818 739 2859 M:
769 2820 919 2859 durata
939 2819 977 2859 S
1146 2831 1195 2868 19
1225 2818 1342 2869 potui
1362 2817 1404 2855 P
1422 2831 1431 2857 ε
1461 2818 1598 2868 potuit
1619 2816 1726 2857 ,ΞΜι
1887 2821 1890 2827 “
1938 2839 1940 2853 .
