1988 3334
124 467 198 515 26

126 532 209 573 KS

131 2490 196 2541 27

1035 137 1097 183 30

717 471 917 539 PRO
1007 472 1428 542 MILONE

1961 318 1965 373 ἶ

1940 403 1965 474 ’ἔ

1940 477 1965 544 ‘l

1885 552 1893 558 .
1942 540 1964 608 ᾗ

1943 640 1964 674 w

299 685 579 734 Orationem
627 685 756 733 hanc
803 683 927 734 dixit
975 685 1068 735 Cn.
1115 684 1356 750 Pompeio
1399 700 1459 734 111
1502 701 1602 734 cos,
1643 702 1686 734 a.
1729 686 1778 735 d.
1820 680 1895 734 vn
1941 676 1963 746 ’ἢ

227 766 303 815 Id.
331 765 484 830 April.
561 766 715 828 Quod
738 764 980 816 iudicium
1005 783 1121 816 cum
1149 776 1387 831 ageretur,
1415 766 1683 817 exercitum
1708 766 1760 816 in
1785 769 1892 818 foro
1961 761 1963 774 ⁴

225 854 273 895 et
298 846 349 896 in
382 846 615 897 omnibus
646 846 842 912 templis
868 864 996 912 quae
1029 847 1215 897 circum
1248 850 1409 899 forum
1443 857 1558 899 sunt
1594 850 1840 900 collocatu
1943 870 1964 937 ἓν

223 945 253 977 a
278 930 371 979 Cn.
401 928 643 994 Pompeio
676 928 826 979 fuisse
852 946 947 978 non
972 938 1167 980 tanturn
1200 947 1259 980 ex
1291 929 1514 981 oratione
1535 939 1584 980 et
1615 930 1893 992 annalibus,⁴
1939 929 1963 1008 Ἰ

225 1011 313 1060 sed
340 1009 487 1059 etiam
514 1028 574 1060 ex
602 1010 728 1060 libro
752 1020 955 1076 apparet
985 1011 1070 1076 qui
1096 1011 1352 1064 Ciceronis
1386 1012 1590 1063 nomine
1615 1011 1871 1063 inscribitu

227 1094 292 1142 de
316 1091 508 1156 optimo
531 1109 711 1157 genere
735 1101 998 1162 oratorum.

623 1307 1141 1357 ARGVMENTVM
1181 1307 1331 1359 HOC
1371 1309 1498 1358 EST

299 1418 352 1466 T.
382 1415 577 1466 Annius
616 1416 744 1468 Milo
776 1425 826 1467 et
850 1412 903 1467 P.
934 1415 1154 1466 Plautius
1186 1419 1452 1482 Hypsaeus
1482 1425 1531 1467 et
1561 1419 1624 1481 Q.
1658 1419 1895 1468 Metellu
1939 1391 1962 1480 f!

224 1496 391 1562 Scipio
433 1499 748 1548 consulatum
790 1496 1038 1562 petierunt
1076 1514 1179 1548 non
1227 1500 1389 1548 solum
1431 1497 1687 1563 largitione
1728 1501 1895 1564 palam
1939 1521 1962 1591 :l

223 1581 423 1644 profusa
447 1581 535 1631 sed
561 1579 710 1630 etiam
735 1579 1034 1630 factionibus
1058 1588 1359 1629 armatorum
1384 1579 1636 1630 succincti.
1713 1577 1895 1631 Miloni
1934 1575 1962 1656 Ἰ

223 1670 271 1711 et
297 1661 479 1713 Clodio
504 1679 729 1712 summae
754 1670 892 1712 erant
916 1661 1220 1724 inimicitiae,
1245 1663 1383 1727 quod
1408 1670 1457 1712 et
1484 1661 1610 1712 Milo
1637 1661 1885 1714 Ciceron'
1937 1653 1961 1763 U

222 1753 325 1798 erat
356 1744 685 1795 amicissimus
722 1744 773 1793 in
803 1745 1191 1809 reducendoque
1228 1762 1288 1795 eo
1319 1743 1461 1795 enixe
1493 1761 1695 1809 operam
1732 1753 1787 1796 tr.
1823 1746 1889 1810 pl.
1937 1740 1961 1788 ι’

222 1827 441 1888 dederat,
497 1835 546 1876 et
594 1828 647 1876 P.
702 1825 911 1877 Clodius
961 1825 1187 1876 restituto
1241 1843 1443 1891 quoque
1499 1825 1731 1877 Ciceroni
1789 1834 1895 1877 erat
1938 1846 1961 1858 >¹

222 1906 568 1958 infestissimus
593 1907 808 1971 ideoque
834 1924 1028 1958 summe
1054 1907 1288 1958 studebat
1315 1910 1555 1973 Hypsaeo
1589 1916 1638 1958 et
1667 1905 1890 1973 Scipioni
1955 1918 1960 1939 ¹

222 1999 394 2040 contra
425 1989 683 2040 Milonem.
757 1991 834 2040 Ac
864 2006 1011 2054 saepe
1040 1988 1167 2040 inter
1199 2007 1252 2040 se
1284 1989 1412 2040 Milo
1444 1999 1493 2041 et
1530 1988 1739 2042 Clodius
1772 1982 1887 2040 cuni

222 2070 323 2121 suis
361 2070 660 2122 factionibus
701 2074 896 2122 Rornae
938 2072 1374 2137 depugnaverant:
1417 2081 1466 2123 et
1493 2080 1640 2130 ‚erant
1682 2080 1894 2137 uterque

219 2153 430 2204 audacia
475 2170 630 2218 pareS,
676 2154 765 2204 sed
814 2152 942 2203 Milo
989 2170 1079 2219 pro
1121 2153 1406 2204 melioribus
1449 2154 1669 2221 partibus
1711 2154 1885 2204 stabati
1941 2151 1958 2201 7⁶

222 2235 481 2285 Praeterea
528 2235 578 2284 in
627 2236 846 2286 eundem
891 2252 1081 2285 annum
1129 2237 1444 2286 consulatum
1493 2235 1634 2297 Milo,
1680 2235 1880 2288 Clodiu
1954 2261 1956 2266 ’

220 2396 550 2464 intellegebat.
650 2398 848 2449 Deinde
915 2415 1031 2449 cum
1091 2398 1178 2449 diu
1237 2407 1391 2450 tracta
1456 2407 1621 2450 essent
1687 2397 1889 2450 comitia

219 2479 497 2529 consularia
537 2479 807 2547 perficique
848 2479 915 2530 ob
957 2496 1039 2530 eas
1078 2479 1208 2545 ipsas
1250 2479 1466 2548 perditas
1508 2478 1834 2532 candidatoru
1885 2525 1892 2534 .
1936 2475 1954 2560 5

280 2608 318 2649 T
313 2609 355 2648 it.
391 2621 478 2649 PRo
499 2621 549 2649 M.
570 2621 740 2650 SCAVRO
761 2622 877 2650 mms
897 2621 1062 2651 mcn’rr
1082 2621 1169 2651 pao
1190 2620 1358 2651 Μιιοκε
1378 2609 1458 2651 SP
1474 2625 1484 2651 ε
1512 2623 1595 2651 om.
1620 2610 1673 2651 M
1740 2623 1759 2652 1
1791 2623 1884 2652 ora·
1934 2607 1954 2664 ἐζ

219 2664 377 2704 tionem
397 2663 492 2704 add.
517 2664 593 2704 hoc
610 2664 694 2704 loco
713 2663 886 2717 Stangl,
900 2669 1001 2716 post
1017 2665 1125 2705 hanc
1146 2664 1229 2704 ΚΒ
1354 2677 1419 2705 vn
1438 2666 1608 2717 scripsi:
1638 2677 1684 2706 v¹
1706 2668 1738 2707 Σ
1944 2715 1945 2718 ¹

218 2717 415 2758 omnibus
436 2719 479 2758 in
499 2717 542 2757 P
713 2732 739 2768 4
767 2731 854 2759 non
874 2719 1074 2772 Poggius,
1110 2718 1400 2760 Sozomenusz
1428 2733 1514 2760 om.
1548 2723 1579 2761 Σ
1754 2733 1808 2760 ex
1951 2727 1953 2736 '

219 2772 382 2813 ratione
399 2776 441 2823 Σ,
465 2785 566 2813 corr.
590 2771 814 2813 Manutius
921 2786 947 2824 5
978 2773 1237 2818 describitur
1255 2773 1294 2814 S
1412 2775 1439 2813 8
1467 2774 1516 2815 Τ.
1539 2773 1635 2815 add.
1660 2774 1893 2814 Manutiu

217 2826 410 2878 hypseus
430 2825 484 2866 M
497 2840 506 2866 :
536 2827 760 2878 hyphaeus
780 2827 818 2868 S
835 2841 845 2868 ς
876 2827 1052 2879 hipseus
1071 2827 1115 2867 P
1269 2841 1315 2868 11
1348 2827 1478 2881 quod]
1503 2842 1542 2879 q.
1567 2829 1608 2870 d.
1628 2827 1667 2869 S
1891 2856 1894 2863 ·

219 2885 270 2920 tr.
295 2881 351 2931 pl.
372 2880 552 2920 Rinkes:
583 2881 643 2921 rei
664 2895 706 2934 p.
728 2885 759 2922 Σ
874 2894 922 2932 13
951 2895 1118 2934 quoque
1137 2881 1175 2922 S
1193 2895 1202 2921 τ
1233 2895 1313 2944 que
1333 2882 1402 2924 P:
1431 2896 1516 2923 om.
1538 2882 1592 2923 M

219 2940 263 2984 Σ,
286 2947 388 2975 corr.
407 2935 460 2987 θ’,
482 2935 631 2976 Baiter
759 2949 807 2987 17
837 2948 961 2989 pares
979 2936 1021 2976 P
1039 2937 1151 2987 (teste
1170 2936 1369 2989 Skutsch)
