1988 3334
35 213 38 253 l

35 421 39 532 ἐ

740 122 1146 174 PRAEFATIO

178 263 451 315 Asconium
501 273 549 314 et
596 263 848 314 Valerium
897 280 927 313 a
975 262 1162 328 Poggio
1211 262 1420 328 scriptos
1469 278 1576 312 esse
1625 261 1786 326 primo

110 347 314 414 quidem
354 346 519 397 dicere
557 364 659 398 non
694 363 804 396 sum
843 363 1009 408 ausuS,
1053 363 1167 396 cum
1203 345 1309 396 eius
1351 344 1521 395 manui
1561 345 1789 394 nondum

112 446 311 496 operam
339 428 625 480 dedissem.¹
699 431 822 479 Mox
855 427 1128 478 Mauricius
1165 429 1344 478 Krohn
1378 444 1460 478 me
1493 444 1580 491 per
1605 425 1790 475 litteras

76 538 78 562 :
112 511 370 563 certiorem
408 511 522 561 fecit
559 528 612 561 se
647 510 843 576 longius
880 528 1195 575 progressum
1232 520 1382 576 atque
1419 508 1573 574 ipsius
1618 508 1792 574 Poggii

83 591 85 594 ¹
113 593 492 658 chirographum
518 592 569 642 in
594 608 645 642 x.
675 596 733 642 81
763 593 1037 658 agnovisse.
1115 595 1233 643 Hoc
1263 592 1379 643 fecit
1412 591 1601 642 codicis
1629 592 1795 640 Berol-

116 675 394 727 Hamilton.
428 678 521 724 166
547 692 660 740 ope,
685 675 736 724 in
763 692 864 740 quo
891 674 1214 726 bellissimam
1250 673 1423 739 Poggii
1449 691 1652 724 manum
1680 690 1796 723 con-

113 766 272 808 textus
289 756 506 819 exhibet,
531 757 830 808 velociorem
850 757 1202 808 annotationes
1223 758 1474 822 quaedam
1495 756 1547 805 in
1574 754 1795 820 margine

80 839 338 904 scriptae,
391 855 514 903 quas
574 841 752 890 eadem
802 857 902 905 qua
949 856 1000 890 x,
1052 842 1111 889 81
1171 857 1323 889 manu
1377 841 1631 889 confectas
1686 855 1795 888 esse

115 922 344 989 opinatus
389 932 475 973 est.
557 923 617 972 Ei
666 925 957 988 suffragatur
1000 926 1052 972 P.
1101 922 1504 987 Schmiedeberg‚
1548 920 1646 986 qui,
1695 938 1797 985 quo

72 1046 78 1071 z
114 1004 303 1055 facilius
341 1005 405 1054 de
442 1006 535 1054 hac
572 1023 623 1055 re
660 1004 867 1055 iudicari
905 1004 1074 1070 possit,
1104 1006 1206 1055 duo
1243 1004 1361 1054 folia
1398 1005 1548 1054 codd.
1578 1019 1627 1052 X.
1659 1006 1717 1052 81
1749 1012 1798 1052 et

118 1089 437 1138 Berol-Ham.
485 1091 576 1136 166
614 1097 716 1137 arte
753 1086 1147 1152 photographica
1189 1103 1420 1151 expressa
1462 1084 1798 1136 dissertationi

86 1168 332 1220 inseruit.
410 1171 518 1233 Ego
561 1169 820 1220 codicibus
862 1169 1087 1234 pluribus
1124 1186 1251 1233 quos
1290 1186 1320 1219 a
1361 1168 1550 1233 Poggio
1591 1167 1799 1232 scriptos

118 1268 224 1302 esse
249 1259 444 1301 constat
468 1250 566 1300 iam
593 1251 784 1301 collatis
810 1251 1051 1302 iudicium
1087 1251 1440 1301 Krohnianum
1474 1250 1541 1300 ita
1573 1251 1800 1315 approbo

84 1383 87 1386 ,
118 1342 172 1383 ut
207 1332 258 1381 in
295 1332 608 1398 chirographi
644 1332 847 1394 ratione,
894 1350 1023 1397 quae
1062 1350 1137 1383 res
1175 1331 1365 1382 lubrica
1401 1341 1450 1382 et
1486 1331 1674 1382 incerta
1710 1342 1798 1391 est,

119 1414 463 1480 quaestionem
500 1415 621 1465 verti
659 1415 829 1466 nolim.
904 1415 1103 1466 Scilicet
1146 1432 1322 1465 omnes
1365 1414 1413 1463 hi
1454 1416 1598 1465 MSS.
1640 1414 1801 1465 bellis·

79 1534 82 1538 -
121 1496 245 1547 sima
293 1497 464 1562 Poggii
513 1515 664 1547 manu
713 1497 929 1547 confecti
976 1507 1106 1559 sunt,
1151 1496 1523 1547 velociore—ut
1572 1496 1800 1547 omittam

120 1579 468 1629 annotationes
494 1579 546 1628 in
572 1579 794 1643 margine
819 1580 1208 1629 factas—nullus
1238 1578 1333 1628 nisi
1363 1578 1487 1643 ipse,
1512 1588 1566 1629 ut
1591 1578 1802 1641 videtur,

82 1711 84 1713 ,
123 1660 447 1710 Matritensis.
518 1662 672 1723 Quod
709 1660 749 1710 si
785 1662 994 1711 alterum
1036 1678 1066 1710 a
1108 1660 1297 1725 Poggio
1333 1660 1511 1725 raptim
1548 1670 1802 1711 exaratum

123 1742 350 1794 codicem
377 1743 688 1803 haberemus,
717 1742 897 1792 certius
922 1744 986 1792 de
1012 1744 1106 1792 hac
1131 1759 1182 1792 re
1207 1741 1416 1792 iudicari
1441 1752 1623 1807 posset.

193 1825 405 1875 Meliora
430 1826 654 1890 profecto
680 1825 966 1875 testimonia
982 1824 1269 1890 suppeditat
1288 1824 1395 1889 ipse
1421 1826 1597 1887 codex,
1624 1825 1676 1874 in
1701 1843 1803 1890 quo

123 1909 288 1972 plures
322 1924 499 1956 manus
524 1915 739 1957 versatas
766 1925 874 1957 esse
899 1916 1107 1957 constat.
1184 1906 1532 1959 Correctiones
1566 1907 1803 1973 plurimas

124 1989 240 2040 fecit
276 1989 381 2054 ipse
418 1989 626 2055 scriptor
661 1990 748 2055 qui
784 1992 861 2040 vel
901 1989 1152 2040 scribendi
1189 2007 1376 2041 errores
1419 1982 1548 2040 tollit
1584 1993 1661 2042 vel
1704 2009 1807 2042 cor-

126 2073 340 2136 ruptelas
377 2073 612 2122 emendat
649 2089 772 2137 quas
809 2072 860 2121 in
897 2072 1205 2137 Sangallensi
1242 2072 1393 2122 fuisse
1429 2072 1663 2123 codicum
1701 2076 1817 2124 SM

127 2152 413 2203 testimonio
446 2153 695 2218 probatur.
772 2154 993 2204 Nomina
1026 2154 1289 2204 hominum
1315 2171 1529 2219 quorum
1554 2155 1806 2206 Asconius

129 2234 435 2285 mentionem
468 2235 584 2285 facit
618 2253 769 2285 manu
804 2236 972 2302 gracili
1005 2246 1054 2286 et
1088 2236 1299 2301 eleganti
1334 2236 1384 2285 in
1418 2237 1639 2302 margine
1664 2237 1809 2288 inter-

91 2318 249 2367 -dum
296 2305 611 2367 adnotantur.
687 2318 1033 2370 Correctiones
1083 2320 1331 2383 quaedam
1380 2327 1658 2370 atramento
1706 2323 1807 2370 fere

130 2398 342 2456 evanido
384 2399 595 2464 scriptae
637 2410 766 2460 sunt,
811 2402 946 2451 velut
986 2403 1064 2462 48.
1112 2419 1170 2462 14
1208 2401 1401 2463 Cicero,
1445 2417 1520 2466 75.
1566 2420 1586 2451 1
1629 2402 1699 2452 vir
1736 2402 1807 2453 is:

84 2520 86 2527 ,
129 2481 236 2532 aliis
273 2499 424 2531 manu
460 2482 619 2532 veloci
656 2483 848 2547 scriptis
885 2485 1157 2548 praefixum
1195 2494 1269 2534 est
1304 2487 1437 2534 credo
1470 2487 1547 2535 vel
1583 2493 1637 2547 cs,
1674 2487 1808 2535 velut

100 2635 102 2637 ‚
133 2580 208 2627 31.
241 2578 265 2626 7
293 2567 426 2612 credo
449 2564 760 2628 patrimonia,
791 2567 868 2626 84.
903 2580 959 2627 17
987 2572 1028 2614 cf
1052 2582 1221 2630 quom,
1252 2569 1328 2616 86.
1359 2584 1387 2630 3
1425 2574 1465 2615 δ’
1493 2568 1557 2617 de
1583 2584 1633 2616 re
1659 2585 1705 2632 p.
1727 2570 1804 2630 89.

134 2663 190 2695 21
236 2653 278 2695 δ
324 2655 565 2710 equester.
645 2650 769 2697 Tres
807 2647 1050 2712 imprimis
1088 2649 1439 2699 annotationes
1488 2649 1539 2698 in
1588 2648 1808 2713 margine

133 2727 367 2778 orationis
383 2727 434 2777 in
454 2731 597 2794 Toga
616 2729 848 2780 Candida
866 2729 1066 2779 habitae
1091 2731 1264 2780 oculos
1290 2740 1586 2782 convertunt
1607 2729 1705 2795 (85.
1732 2748 1805 2792 14,

136 2812 212 2872 87.
242 2828 286 2873 9,
315 2828 392 2873 92.
425 2810 488 2876 2).
562 2813 924 2876 Supplementa
948 2811 1168 2876 denique
1196 2812 1511 2875 Pisonianae,
1537 2830 1666 2878 quae
1705 2831 1804 2863 non

680 2976 694 3000 ²
726 2977 929 3017 Classical
953 2977 1146 3029 Review,
1173 2978 1198 3019 Ι.
1220 2992 1250 3018 c.

933 3047 1011 3095 xix
1618 3050 1678 3097 b*
