1988 3334
202 125 266 172 80
480 98 483 99 ⁷
859 125 1206 174 ASCOvas

324 181 373 191 *x

206 271 341 323 tate,
364 264 531 313 nullo
556 263 958 314 intercessore
982 273 1328 328 comparato
1352 266 1574 329 populo
1601 266 1877 314 Romano·
1932 255 1953 332 ,¹

204 343 372 394 dedit
443 354 498 394 et
569 345 1135 410 potentissimorum
1206 345 1511 396 hominum
1584 344 1869 410 eonlegiis
1931 343 1954 402 ²..

203 424 428 488 eripuit
463 428 943 491 cooptandorum
980 429 1357 478 sacerdotum
1390 435 1762 492 potestatem.
1930 416 1955 482 1³

270 508 389 557 Hoc
420 524 563 571 egere
595 507 915 569 enarratione,
944 509 1061 573 quia
1094 510 1192 558 hoc
1224 510 1338 559 loco
1369 525 1555 558 nomen
1591 525 1693 559 non
1730 507 1875 573 ponit

201 587 311 652 quis
347 581 527 650 fecerit,
563 589 609 640 ei
644 591 849 645 demum
881 590 1036 642 videri
1070 599 1235 655 potest
1270 590 1355 655 qui
1391 589 1574 639 oblitus
1610 590 1672 639 sit
1707 589 1871 640 minus
1935 622 1957 662 g

200 679 316 720 ante
341 686 416 719 xx
441 688 608 722 versus
632 673 757 722 haec
780 675 836 721 de
859 689 920 726 eo
944 672 1054 737 ipso
1079 672 1374 724 Ciceronem
1399 671 1610 723 dixisse:

272 753 386 802 Sed
435 751 483 802 si
524 752 903 803 familiariter
950 771 1016 803 ex
1059 755 1121 816 Q.
1159 755 1376 805 Catulo
1418 751 1869 817 sapientissimo

204 832 329 883 viro
375 843 555 898 atque
602 835 1038 885 humanissimo
1085 834 1261 885 velim
1310 852 1628 899 quaerere:
1681 833 1870 885 utrius
1936 851 1959 910 '.

205 917 443 966 tandem
493 915 595 966 tibi
637 916 981 967 tribunatus
1030 917 1223 967 minus
1261 916 1504 981 probari
1551 925 1764 981 potest,
1810 918 1866 969 C.

206 997 464 1058 Corneli,
486 1015 744 1048 an--non
769 998 961 1049 dicam
981 1001 1035 1047 P.
1056 997 1300 1064 Sulpici,
1328 1015 1444 1049 non
1470 1000 1525 1047 L.
1549 996 1869 1058 Saturnini,
1939 1003 1961 1068 ᾗ(

206 1095 323 1128 non
361 1078 470 1128 Gai
508 1079 782 1141 Gracchi,
817 1097 934 1130 non
971 1079 1191 1141 Tiberi,
1230 1079 1529 1130 neminem
1566 1097 1737 1144 quem
1773 1078 1872 1131 isti
1938 1068 1961 1133 21

204 1159 562 1211 seditiosum
589 1161 935 1212 existimant
961 1162 1303 1223 nominabo,
1332 1164 1435 1212 sed
1459 1162 1741 1212 avunculi
1771 1161 1876 1222 tui,
1937 1167 1963 1228 43),

206 1245 268 1304 Q.
300 1244 530 1304 Catule,
562 1243 886 1299 clarissimi
916 1244 1268 1312 patriaeque
1300 1243 1698 1294 amantissimi
1727 1235 1885 1293 viri?
1936 1226 1963 1285 l

205 1323 348 1387 quid
375 1324 516 1374 mihi
543 1327 780 1376 tandem
808 1343 1227 1390 responsurum
1254 1325 1514 1390 putatis?
1939 1314 1946 1323 ‘

864 1592 1222 1653 SEQVITVR

277 1700 476 1763 Quid?
524 1700 680 1750 idem
722 1699 1024 1750 Domitius
1069 1702 1140 1748 M.
1181 1699 1459 1759 Silanum,
1501 1701 1873 1750 consularem
1958 1703 1959 1706 ’

211 1781 527 1841 hominem,
568 1797 736 1845 quem
779 1782 851 1830 ad
894 1782 1129 1831 modum
1169 1789 1231 1829 tr.
1273 1782 1344 1845 pl.
1386 1779 1657 1830 vexavit?
1951 1839 1955 1843 4

276 1865 346 1911 Μ.
367 1861 563 1912 Silanus
579 1860 923 1926 quinquennio
946 1870 1062 1911 ante
1082 1862 1256 1911 consul
1275 1863 1432 1911 fuerat
1451 1878 1602 1926 quam
1624 1861 1874 1911 Domitius
1895 1886 1903 1931 4

204 1954 260 1993 tr.
288 1946 352 2008 pl.
380 1953 522 2005 esset,
549 1953 700 2007 atque
723 1942 829 2007 ipse
853 1959 1055 2007 quoque
1086 1944 1320 1993 adversus
1346 1942 1577 1993 Cimbros
1611 1960 1714 1993 rem
1747 1944 1875 1993 male
1946 1973 1954 1985 -

205 2034 450 2088 gesserat:
493 2041 643 2088 quam
681 2024 748 2074 ob
784 2040 984 2073 causam
1023 2022 1275 2073 Domitius
1312 2040 1427 2072 eum
1462 2025 1598 2087 apud
1633 2025 1873 2088 populum
1894 2068 1897 2072 ,
1945 2030 1961 2074 :i

206 2105 469 2156 accusavit.
543 2104 910 2156 Criminabatur
946 2121 1049 2154 rem
1085 2121 1200 2154 cum
1232 2103 1448 2156 Cimbris
1481 2103 1672 2154 iniussu
1704 2103 1875 2169 populi
1945 2090 1951 2143 ἶ

207 2187 430 2251 gessisse,
458 2186 610 2251 idque
634 2185 931 2251 principium
956 2185 1106 2236 fuisse
1139 2185 1475 2235 calamitatum
1501 2202 1624 2250 quas
1657 2202 1718 2236 eo
1744 2186 1875 2236 bello
1894 2190 1906 2242 ;’
1950 2193 1963 2240 72

208 2271 422 2334 populus
446 2267 718 2333 accepisset
736 2286 750 2329 3
783 2285 842 2317 ac
866 2269 931 2318 de
955 2284 1017 2317 eo
1049 2268 1282 2317 tabellam
1308 2283 1509 2332 quoque
1533 2266 1703 2318 edidit.
1776 2266 1876 2318 Sed
1954 2286 1963 2322 ;’

210 2348 497 2415 plenissime
533 2348 728 2398 Silanus
763 2348 1021 2398 absolutus
1063 2356 1137 2398 est
1153 2365 1169 2409 3
1216 2364 1333 2396 nam
1375 2348 1504 2398 duae
1545 2349 1679 2398 solae
1720 2346 1896 2398 tribus·
1959 2378 1963 2382 -

208 2448 338 2492 eum,
366 2429 533 2494 Sergia
557 2439 607 2480 et
632 2428 854 2493 Quirina,
882 2431 1255 2480 damnaverunt.
1905 2426 1907 2430 ⁴
1958 2430 1964 2440 '

268 2572 285 2598 1
318 2558 476 2610 populo
498 2559 694 2599 Romano
712 2558 829 2598 dedit
850 2557 1102 2597 Manutizus
1131 2557 1325 2608 proderit
1346 2561 1376 2598 Σ
1552 2570 1576 2605 4
1605 2556 1722 2608 quia]
1749 2557 1820 2608 qui
1839 2555 1876 2595 S
1894 2543 1895 2546 Ἴ
1946 2556 1972 2633 'll

209 2626 234 2664 5
264 2619 365 2653 ante
385 2614 523 2653 minus
543 2612 625 2653 ΚΞ
731 2614 760 2652 6
779 2612 832 2652 de
852 2611 948 2651 add.
968 2611 1028 2653 ed.
1051 2611 1154 2652 Ald.
1242 2611 1458 2705 1Cicerone
1471 2609 1509 2651 S
1618 2623 1640 2660 7
1662 2610 1738 2662 ex]
1759 2616 1803 2650 et
1821 2609 1875 2649 Ρι

210 2667 364 2707 Catulo
382 2681 467 2707 om.
487 2667 540 2707 Ρι
724 2679 769 2706 11
802 2666 1014 2707 nominem
1035 2666 1073 2706 S
1265 2665 1460 2716 3Catuli
1482 2668 1527 2715 Σ,
1550 2677 1650 2706 corr.
1671 2665 1876 2704 Patm'dus
1894 2666 1895 2671 ’
1947 2664 1973 2692 ‚m

210 2723 459 2772 patriaeque
472 2720 721 2761 Manutius·
742 2726 868 2772 atque
884 2725 916 2762 Σ
1016 2733 1064 2770 14
1085 2721 1186 2772 quid
1206 2678 1291 2759 Pl?
1295 2719 1365 2770 qui
1381 2719 1470 2760 SM
1569 2731 1616 2769 15
1637 2719 1879 2759 continuant

203 2776 411 2827 pri'onbus
428 2775 520 2815 SM
657 2777 708 2814 16
735 2775 848 2826 quod
869 2778 911 2826 Σ,
935 2788 1033 2815 corr.
1058 2775 1117 2815 ed.
1138 2774 1238 2816 ΛΜ.
1352 2773 1583 2814 Domitium
1606 2773 1643 2813 S
1750 2771 1875 2824 sylla-

211 2843 312 2869 num
335 2830 463 2882 (syla-
484 2830 541 2879 P)
564 2834 606 2878 Σ,
633 2842 731 2870 corr.
753 2804 976 2868 Manut’ms
997 2829 1072 2879 (ila
1095 2829 1212 2881 mox)
1368 2841 1418 2879 19
1446 2833 1563 2868 esset
1582 2827 1649 2868 S:
1678 2841 1760 2867 om.
1787 2823 1880 2866 PM
1892 2838 1895 2844 ·

212 2896 261 2923 21
307 2884 524 2924 accusauit
562 2883 623 2923 S:
666 2884 889 2924 accusabat
927 2883 1018 2922 PM
1154 2882 1405 2923 criminabat
1443 2885 1487 2930 Σ,
1530 2895 1630 2922 corr.
1671 2881 1730 2921 ed.
1778 2879 1872 2921 Ven.

212 2951 300 2978 rem
331 2951 424 2978 cum
451 2937 636 2990 Stangl.
667 2950 761 2977 eum
792 2950 885 2977 cum
918 2940 972 2977 Στ
1004 2950 1099 2977 eum
1131 2936 1285 2977 bellum
1308 2936 1561 2976 Mamttms·
1591 2948 1687 2975 eum
1719 2934 1873 2975 bellum

211 3003 303 3033 cum
327 2992 525 3032 Bic‘claeeler
685 3005 737 3042 23
767 2992 885 3032 dedit
905 2990 1126 3030 Mmmtms
