1988 3334
205 137 267 199 58
863 137 1208 188 Ascomvs

334 196 379 205 K.

203 275 422 324 offensus
463 274 656 324 senatui
692 283 897 339 questus
939 284 1012 325 est
1055 277 1119 326 de
1154 292 1214 326 ea
1248 276 1300 325 in
1335 277 1580 325 contione:
1631 275 1872 326 exhauriri
1893 279 1903 291 “’
1959 267 1962 286 ’

125 366 179 415 51
202 354 479 418 provincias
517 355 707 418 usuris;
742 354 1123 421 Tprovidendum
1162 365 1217 406 ut
1257 357 1498 407 haberent
1543 356 1690 422 legati
1737 358 1872 408 unde
1936 373 1943 429 j

201 437 448 500 praesenti
462 439 538 487 die
555 439 730 487 darent
747 456 761 499 3
792 438 1220 503 promulgavitque
1238 440 1399 504 legem
1414 455 1514 503 qua
1527 438 1870 489 auctoritatem
1936 438 1961 498 'j

201 527 400 568 senatus
426 518 699 581 minuebat,
723 536 788 569 ne
812 519 922 584 quis
947 519 1042 569 nisi
1065 537 1152 585 per
1175 522 1419 585 populum
1451 520 1641 585 legibus
1667 522 1893 571 solvere·
1937 530 1961 555 ν’

201 608 291 649 tur.
366 602 519 662 Quod
554 600 762 666 antiquo
797 618 1000 666 quoque
1040 601 1146 651 iure
1186 611 1289 652 erat
1326 611 1559 663 cautum3
1611 601 1780 667 itaque
1820 601 1883 652 in'
1939 655 1941 657 .

201 680 435 731 omnibus
467 683 515 732 S.
544 683 600 733 C.
629 682 810 746 quibus
845 682 1062 747 aliquem
1095 682 1287 748 legibus
1321 682 1444 733 solvi
1481 683 1710 748 placebat
1741 682 1871 734 adici
1937 729 1946 747 ,

201 772 304 812 erat
329 762 530 812 solitum
556 772 611 812 ut
643 765 708 813 de
733 780 792 813 ea
816 781 867 813 re
890 765 956 814 ad
980 766 1223 829 populum
1248 766 1452 814 ferretur
1472 784 1482 814 z
1519 766 1608 815 sed
1632 759 1870 828 paulatim
1890 770 1893 771 ’
1936 780 1944 820 ς

200 843 311 893 ferri
336 853 438 894 erat
462 844 678 894 desitum
702 861 879 910 resque
903 844 1003 894 iam
1028 845 1079 894 in
1104 862 1215 895 eam
1240 845 1656 901 consuetudinem
1672 854 1873 896 venerat

201 935 255 976 ut
288 935 540 991 postremo
577 944 642 976 ne
673 926 950 978 adiceretur
974 926 1179 992 quidem
1204 927 1256 977 in
1289 937 1488 978 senatus
1530 927 1770 978 consultis
1807 926 1883 978 de
1936 924 1959 942 “

200 1007 455 1072 rogatione
512 1009 579 1058 ad
633 1011 875 1073 populum
928 1010 1132 1059 ferenda
1148 1027 1162 1070 3
1221 1025 1379 1074 eaque
1426 1009 1534 1074 ipsa
1580 1011 1627 1059 S.
1678 1010 1735 1060 C.
1786 1025 1873 1073 per

199 1091 439 1154 pauculos
480 1091 757 1141 admodum
799 1091 998 1142 fiebant.
1091 1090 1304 1155 Indign‘e
1346 1108 1456 1141 eam
1496 1090 1698 1142 Corneli
1739 1106 1873 1158 roga7

199 1170 387 1221 tionem
413 1173 625 1221 tulerant
648 1171 980 1235 potentissimi
998 1171 1185 1237 quique
1210 1190 1269 1223 ex
1293 1181 1468 1223 senatu
1484 1189 1696 1237 quorum
1720 1171 1873 1237 gratia
1931 1170 1959 1230 <¹7

200 1269 499 1317 magnopere
538 1252 886 1314 minuebatur3
935 1253 1103 1317 itaque
1145 1255 1200 1303 P.
1240 1252 1471 1303 Servilius
1507 1254 1754 1303 Globulus
1795 1252 1873 1303 tri-
1932 1255 1937 1317 J,

200 1335 364 1384 bunus
398 1333 556 1398 plebis
586 1334 816 1384 inventus
853 1344 955 1384 erat
979 1335 1066 1399 qui
1099 1336 1156 1386 C.
1186 1334 1420 1386 Cornelio
1454 1333 1727 1385 obsisteret.
1804 1336 1868 1395 Is,
1931 1327 1943 1346 ⁶

198 1416 285 1467 ubi
326 1415 446 1481 legis
485 1418 723 1468 ferundae
762 1417 868 1468 dies
906 1416 1041 1467 venit
1079 1425 1128 1467 et
1166 1434 1345 1482 praeco
1393 1416 1669 1467 subiciente
1711 1415 1872 1468 scriba
1930 1400 1949 1451 ἶ

197 1498 347 1548 verba
387 1498 507 1563 legis
544 1498 746 1549 recitare
781 1500 970 1563 populo
1005 1498 1185 1563 coepit,
1224 1507 1274 1548 et
1309 1497 1521 1548 scribam
1563 1497 1787 1548 subicere
1822 1506 1873 1548 et
1947 1533 1949 1539 ,

197 1596 496 1643 praeconem
544 1578 863 1644 pronuntiare
910 1596 1084 1644 passus
1131 1596 1234 1630 non
1276 1588 1362 1630 est.
1436 1581 1570 1629 Tum
1610 1578 1871 1631 Cornelius

198 1660 304 1725 ipse
346 1661 574 1712 codicem
616 1660 848 1712 recitavit.
925 1663 1078 1724 Quod
1117 1678 1231 1711 cum
1269 1661 1495 1726 improbe
1531 1660 1636 1711 fieri
1669 1662 1725 1712 C.
1755 1660 1871 1712 Piso
1884 1694 1890 1721 ς
1939 1656 1949 1722 ²}

199 1746 373 1793 consul
406 1745 726 1794 vehementer
758 1753 1043 1808 quereretur
1076 1745 1267 1808 tollique
1295 1743 1610 1794 tribuniciam
1642 1743 1872 1795 interces-
1940 1743 1949 1804 -J

198 1823 391 1875 sionem
429 1825 629 1886 diceret,
667 1825 800 1890 gravi
837 1824 1063 1875 convicio
1098 1842 1127 1875 a
1162 1828 1351 1890 populo
1388 1834 1622 1890 exceptus
1664 1834 1739 1876 est
1754 1845 1769 1888 ;
1821 1834 1870 1877 et
1930 1833 1948 1876 'f

199 1923 313 1956 cum
356 1906 438 1956 ille
479 1923 565 1956 eos
604 1906 690 1971 qui
725 1906 820 1956 sibi
861 1906 1175 1956 intentabant
1210 1923 1387 1957 manus
1423 1906 1599 1971 prendi
1633 1923 1664 1956 a
1698 1906 1870 1957 lictore
1927 1911 1947 1947 J

199 1987 432 2049 iussisset,
460 1987 600 2038 fracti
633 1987 737 2038 eius
762 1990 918 2038 fasces
952 1997 1067 2038 sunt
1099 1987 1390 2054 lapidesque
1423 1987 1572 2038 etiam
1605 2005 1665 2039 ex
1697 1987 1870 2040 ultima
1927 2012 1941 2059 '.

199 2068 435 2119 contione
476 2069 526 2118 in
569 2072 826 2120 consulem
867 2069 1012 2120 iacti:
1065 2086 1168 2134 quo
1209 2072 1424 2120 tumultu
1465 2069 1726 2121 Cornelius
1767 2087 1869 2135 per·
1935 2063 1939 2098 3

201 2151 425 2200 turbatus
450 2150 717 2201 concilium
743 2150 932 2201 dimisit
955 2157 1180 2200 actutum.
1253 2153 1438 2200 Actum
1472 2150 1656 2202 deinde
1691 2152 1875 2211 eadem

199 2233 264 2282 de
289 2250 340 2282 re
365 2232 416 2281 in
441 2242 616 2283 senatu
641 2242 716 2283 est
741 2232 932 2298 magnis
956 2232 1376 2284 contentionibus.
1449 2234 1583 2283 Turn
1608 2232 1870 2285 Cornelius
1934 2265 1938 2289 ·.

260 2376 277 2401 1
312 2376 364 2402 ea
395 2391 616 2402 .......
655 2376 709 2402 ne
745 2366 790 2412 Σ,
821 2362 956 2415 suppl.
991 2362 1193 2415 Sigonius
1358 2376 1383 2401 2
1413 2362 1720 2413 prouidendum
1751 2362 1843 2402 PM
1856 2374 1878 2404 22v

202 2445 494 2456 .........
529 2416 566 2457 S
676 2430 702 2468 3
733 2418 949 2468 praesenti
971 2418 1041 2457 die
1062 2419 1214 2458 darent
1233 2417 1378 2468 scripsi
1395 2418 1463 2468 (cf
1481 2417 1582 2469 Dig.
1603 2417 1687 2457 xlv.
1711 2430 1744 2458 1.
1764 2418 1836 2469 41)
1856 2429 1868 2457 ε

202 2473 446 2522 praesentia
481 2500 666 2511 ......
708 2473 777 2520 (11
801 2473 874 2511 litt.
898 2470 970 2525 M)
993 2473 1142 2511 darent
1163 2475 1193 2510 Σ
1212 2486 1222 2511 :
1252 2472 1497 2523 praesentia
1524 2484 1699 2512 munera
1719 2472 1868 2512 darent

201 2524 442 2565 Mommsen
566 2526 861 2566 auctoritatem
883 2527 964 2579 (-te
984 2524 1056 2577 M)
1079 2524 1174 2564 PM
1189 2539 1198 2565 ε
1229 2553 1417 2565 ......
1441 2525 1479 2566 S
1617 2539 1642 2576 4
1671 2525 1764 2578 quis
1783 2524 1881 2565 nisi«
1926 2543 1927 2546 ¹
1949 2527 1951 2540 ¹

201 2580 262 2620 ed.
285 2580 387 2619 Ald.
410 2594 420 2620 ε
448 2582 590 2631 quiuis
603 2579 650 2631 S,
674 2580 889 2631 Poggius:
918 2580 1014 2631 quis
1032 2580 1116 2620 P1:
1145 2581 1217 2630 qui
1239 2580 1349 2620 uisui
1370 2580 1423 2618 M
1531 2582 1557 2619 6
1585 2581 1798 2620 adiecerat
1817 2582 1867 2631 Σ,
1923 2599 1925 2605 ·
1948 2592 1950 2629 ;

201 2647 300 2676 corr.
322 2633 528 2675 Lodoicus
637 2648 659 2684 7
691 2647 741 2673 ea
759 2634 828 2674 P:
858 2647 940 2674 om.
964 2633 1056 2674 SM
1182 2647 1230 2674 12
1259 2647 1313 2674 ex
1335 2634 1379 2674 S.
1404 2634 1452 2674 C.
1475 2636 1518 2686 Σ,
1541 2646 1640 2675 corr.
1664 2633 1866 2686 Szgom‘ue

206 2744 256 2782 13
277 2732 478 2771 inuentus
499 2738 591 2771 erat
611 2738 662 2772 tr.
685 2730 743 2783 pl.
765 2729 809 2768 P
972 2743 1021 2780 14
1051 2731 1099 2770 C.
1122 2730 1374 2770 Manutius:
1407 2731 1453 2770 L.
1477 2734 1508 2771 Σ
1678 2742 1725 2780 15
1755 2730 1865 2782 legis
1947 2757 1949 2782 ³

202 2786 406 2826 ferundae
439 2785 505 2825 Pz
549 2785 722 2836 legisset
751 2782 809 2826 u⁹n
838 2785 914 2825 M:
956 2785 1109 2836 legifer
1137 2786 1250 2825 unde
1279 2784 1317 2825 S
1520 2785 1570 2824 16
1598 2785 1798 2825 recitaret
1864 2819 1866 2821 .

201 2854 254 2880 co
275 2869 285 2879 .
310 2869 321 2879 .
345 2841 407 2892 pit
426 2839 485 2880 S1
508 2841 623 2892 (corr.
647 2841 692 2879 in
714 2841 823 2893 mg.)
958 2853 1007 2890 19
1036 2839 1212 2891 tollique
1231 2838 1328 2879 add.
1351 2838 1572 2879 Hotoman
1709 2851 1757 2878 21
1789 2851 1840 2879 eo

203 2895 277 2934 M:
308 2907 395 2935 cos.
420 2899 555 2942 (cons.
579 2893 640 2946 S)
662 2894 741 2935 SP
912 2907 964 2934 22
992 2900 1093 2934 sunt
1127 2893 1389 2934 Gronovius:
1429 2894 1570 2934 cuncti
1603 2896 1634 2934 Σ
1812 2905 1850 2932 ε

202 2954 391 2990 actutum
412 2948 601 2989 Purser:
644 2977 653 2988 .
693 2955 703 2988 2
729 2976 738 2988 .
765 2977 774 2987 .
800 2978 809 2989 .
836 2977 845 2988 .
880 2947 992 2988 SM:
1022 2961 1106 2988 om.
1130 2947 1172 2987 P
1332 2958 1384 2997 25
1413 2953 1479 2988 est
1500 2948 1666 2999 magnis
1684 2961 1768 2988 om.
1791 2946 1829 2988 S
