1988 3334
46 0 113 156 π
714 74 1124 124 PRAEFATIO

46 271 47 280 ἵ
82 223 93 261 ’,
113 226 235 274 quas
271 226 364 273 ego
399 209 705 260 editionibus
743 209 914 274 priscis
950 218 1181 274 acceptas
1219 211 1377 261 retuli.
1453 212 1586 262 Cum
1616 219 1785 262 tamen

45 293 49 344 l
88 288 90 290 ’
113 290 218 341 eius
244 290 382 341 modi
407 291 738 342 correctiones
764 291 815 340 in
840 290 1183 342 recentissimo
1217 309 1421 356 quoque
1445 292 1622 342 codice
1646 292 1796 356 pluri-

45 345 49 467 }
116 389 225 423 mae
240 381 518 435 occurrant,
541 372 592 421 in
613 373 706 422 hac
722 389 774 422 re
793 372 972 422 morari
992 375 1124 423 nolo.
1172 375 1215 424 E
1236 372 1534 424 Florentinis
1550 375 1694 423 Laur.
1715 372 1793 421 liv.

46 480 47 493 κ
78 476 91 534 ²}
118 468 175 516 27
194 453 331 519 (qfip.
361 453 460 519 xix)
487 453 662 504 ceteris
688 463 935 518 praestare
959 454 1064 504 iure
1083 454 1359 505 arbitratur.
1422 456 1556 506 Illud
1590 454 1793 504 maximi

81 575 90 603 λ
115 534 356 585 momenti
371 544 633 600 est,-qua
657 534 709 584 in
727 552 779 585 re
795 535 961 585 eximii
986 536 1217 586 candoris
1243 536 1402 586 virum
1427 535 1588 587 laudis
1603 535 1794 599 aliquid

45 643 47 652 ‹
76 611 89 682 -ξ
116 615 236 666 mihi
269 615 507 680 eripuisse
550 633 655 666 non
692 618 900 666 moleste
925 618 1256 681 fer0,—.quod
1290 617 1444 682 ipsius
1482 616 1793 667 Matritensis

76 724 89 766 ς
115 696 432 748 collationem
492 696 543 746 in
605 699 699 746 hac
760 695 1099 761 disputatione
1157 698 1346 762 primus
1397 697 1624 748 omniurn
1677 696 1794 746 iuris

76 767 301 843 {publici
338 778 467 828 fecit.
545 780 624 828 De
656 777 923 827 levioribus
958 778 1260 843 quibusdam
1292 778 1636 844 discrepantiis
1662 795 1794 843 quae

46 867 47 927 J
72 837 96 926 ξ
115 860 240 910 inter
263 868 432 910 nostra
464 860 749 910 testimonia
778 861 1094 911 intercedunt
1117 860 1242 909 nihil
1267 861 1432 911 dicam
1459 860 1554 910 nisi
1584 878 1665 911 me
1690 877 1794 911 non

72 994 304 1098 'ggratum
325 1023 447 1072 mihi
472 1032 546 1073 est
571 1026 709 1088 quod
734 1041 869 1073 nunc
893 1025 958 1074 de
976 1023 1271 1085 Matritensi,
1285 1033 1541 1088 tamquam
1566 1023 1794 1074 omnium

46 1101 98 1157 ’ὅ
117 1105 481 1169 Poggianorum
518 1107 675 1166 fonte,
716 1107 866 1169 paulo
903 1105 1238 1155 confidentius
1277 1122 1430 1168 quam
1462 1114 1609 1155 antea
1641 1103 1719 1170 (qfi
1733 1113 1790 1168 p.

114 1186 249 1251 xviii)
274 1186 504 1250 loquitur.
599 1185 720 1236 Eius
745 1186 896 1235 verba
921 1187 1045 1236 haec
1075 1196 1190 1236 sunt
1210 1205 1220 1235 :
1261 1191 1273 1213 ‘
1292 1203 1319 1235 e
1344 1186 1604 1237 codicibus
1629 1186 1717 1250 qui
1741 1187 1794 1235 in

59 1262 91 1316 ’a
116 1269 244 1318 hanc
280 1267 518 1317 familiam
554 1270 743 1317 cadunt
779 1268 885 1318 sine
921 1267 1079 1318 dubio
1108 1267 1484 1332 antiquissimus
1517 1277 1592 1318 est
1623 1268 1795 1317 Matri-

115 1349 279 1410 tensiS,
320 1349 406 1414 qui
442 1351 579 1399 haud
604 1349 708 1399 scio
740 1366 805 1399 an
838 1349 993 1414 ipsius
1028 1349 1202 1414 Poggii
1232 1366 1385 1399 manu
1420 1351 1679 1399 confectus
1713 1350 1789 1410 sit,

44 1444 47 1469 ³
90 1430 166 1485 „in
202 1432 383 1481 eodem
407 1439 540 1481 certe
565 1431 723 1495 pretio
748 1431 1011 1480 habendus
1038 1440 1112 1480 est
1147 1447 1207 1480 ac
1236 1430 1277 1480 si
1310 1430 1416 1487 eius
1448 1432 1792 1496 apographum

76 1155 90 1183 sb

74 1175 91 1251 m

71 1251 91 1340 ’ἓν

61 1372 67 1395 ·.4
73 1354 89 1388 ἶ

74 1390 90 1499 Hm

44 1498 47 1509 v
74 1502 86 1509 .-

74 1512 90 1532 k

62 1534 89 1585 3
115 1514 188 1571 sit,
228 1529 344 1562 cum
377 1529 437 1563 ex
468 1529 530 1562 eo
563 1512 730 1562 statim
762 1522 996 1577 appareat
1026 1529 1126 1576 qua
1154 1512 1455 1576 praestantia
1483 1512 1582 1563 sint
1614 1512 1794 1577 singuli

60 1587 92 1661 ·3
115 1593 332 1655 codices,
356 1594 540 1658 quibus
570 1594 867 1644 coniecturis
901 1594 1186 1659 quibusque
1219 1593 1685 1659 interpolationibus
1724 1594 1795 1643 in-

115 1674 335 1739 quinati.'
384 1677 508 1739 Ego,
535 1674 622 1738 qui
646 1692 728 1724 me
752 1684 955 1724 cautum
981 1691 1089 1725 esse
1114 1677 1248 1724 volui
1274 1692 1426 1739 quam
1451 1675 1538 1725 diu
1563 1675 1794 1726 dubitare

44 1740 265 1821 {ilicum
293 1772 438 1820 spero
477 1758 581 1806 fore
620 1766 674 1805 ut
713 1758 917 1806 tandem
959 1756 1231 1820 aliquando
1270 1757 1342 1806 vir
1382 1756 1702 1807 doctissimus
1742 1757 1793 1805 in

44 1850 91 1915 '3
119 1837 398 1888 Matritensi
433 1837 587 1902 ipsius
625 1838 798 1903 Poggii
834 1841 1084 1902 exemplar
1119 1855 1318 1889 mecum
1354 1849 1605 1903 agnoscat.

1458 1981 1519 2027 A.
1559 1980 1615 2030 C.
1657 1980 1713 2030 C.

311 2057 392 2098 Die
407 2059 504 2099 viii⁰

173 2119 329 2160 Mensis
348 2119 545 2160 Ianuarii
561 2133 796 2161 unccccvu

902 2954 1026 2986 XXXV
