1988 3334
218 158 279 203 92
344 178 392 188 a.
878 143 1226 192 ASCONIVS

214 296 329 328 cum
356 280 454 328 filia
478 279 583 329 eius
608 290 749 330 esset.
825 283 943 330 Hoc
970 281 1212 331 Lucceius
1237 299 1438 346 quoque
1464 282 1707 333 Catilinae
1733 283 1891 352 obicit·

214 359 265 408 in
290 361 596 411 orationibus
621 379 744 426 quas
769 361 820 412 in
845 379 961 413 eum
985 362 1191 428 scripsit.
1266 363 1486 413 Nomina
1510 365 1684 413 harum
1718 364 1886 414 mulie-

214 458 322 490 rum
348 444 573 493 nondum
599 442 779 493 inveni.

283 523 441 586 Quid
484 541 590 589 ego
638 533 699 574 ut
741 524 1060 576 violaveris
1108 525 1477 590 provinciam
1525 526 1880 590 praedicem,
1947 564 1970 595 Δ,

214 614 433 655 cuncto
488 608 713 670 populo
753 608 1022 657 Romano
1069 609 1362 658 clamante
1409 625 1475 658 ac
1527 607 1886 659 resistente?
1968 594 1969 611 ¹

213 703 343 735 nam
378 695 438 736 ut
474 696 530 737 te
563 686 691 737 illic
723 688 977 753 gesseris
1002 706 1118 740 non
1143 691 1333 740 audeo
1358 689 1570 750 dicere,
1598 689 1895 754 quoniam,

211 768 527 818 absolutus
564 786 637 819 es.
1027 764 1031 766 ’
1889 779 1891 782 ⁴
1967 831 1968 839 ἵ

282 849 485 899 Dictum
523 860 597 901 est
633 851 731 901 iam
769 852 963 918 saepius
1001 853 1268 905 Catilinam
1310 870 1370 903 ex
1404 863 1630 918 praetura
1662 852 1894 926 Africamf
1946 842 1968 922 3³³

210 930 485 981 obtinuisse
544 942 593 982 et
650 943 917 985 accusante
975 952 1090 985 eum
1149 937 1534 1000 repetundarum
1594 937 1646 984 P.
1699 931 1904 987 Clodio

208 1013 490 1062 absolutum
529 1031 649 1064 esse.
1965 1069 1966 1079 ἶ

278 1097 594 1146 Praetereo
619 1095 910 1147 nefarium
935 1097 1100 1148 illum
1127 1107 1405 1149 conatum
1430 1107 1593 1148 tuum
1612 1108 1667 1149 et
1691 1116 1896 1166 paene
1947 1134 1949 1139 -

207 1176 485 1226 acerbum
516 1186 572 1227 et
602 1179 944 1229 luctuosum
977 1179 1061 1230 rei
1093 1179 1372 1244 publicae
1405 1179 1575 1240 diem,
1606 1197 1740 1230 cum
1775 1181 1889 1232 Cn..

209 1257 425 1308 Pisone
473 1259 650 1320 socio,
702 1277 773 1310 ne
820 1277 994 1325 quem
1040 1261 1222 1311 alium
1268 1261 1582 1322 nominem,
1633 1263 1893 1326 caedem,
1939 1302 1965 1331 ἦ,

207 1338 559 1403 optimatum
596 1342 806 1394 facere.
829 1341 1089 1392 voluisti.
1939 1342 1942 1349 '

276 1422 418 1482 Quos
457 1438 551 1470 non
590 1421 815 1472 nominet
854 1422 1148 1487 intellegitis.
1223 1423 1337 1473 Fuit
1375 1423 1508 1473 enim
1548 1423 1718 1489 opinio
1749 1424 1890 1476 Cati-‘-
1945 1484 1947 1486 Ι

205 1500 358 1550 linam
395 1511 444 1551 et
481 1503 573 1554 Cn.
603 1502 852 1564 Pisonem,
889 1505 1262 1554 adulescentem
1299 1505 1561 1569 perditum,
1594 1505 1896 1571 coniurasse..
1944 1536 1945 1540 =

204 1584 269 1632 ad
316 1585 523 1634 caedem
572 1593 770 1635 senatus
826 1585 1105 1636 faciendam
1152 1595 1268 1636 ante
1314 1603 1502 1636 annum
1552 1603 1701 1651 quam
1753 1589 1876 1638 haec
1939 1584 1946 1655 J

117 1653 182 1713 83
204 1663 338 1714 dicta
392 1675 520 1725 sunt,
586 1667 736 1718 Cotta
788 1675 837 1716 et
887 1669 1144 1731 Torquato
1200 1685 1342 1728 coss„
1400 1676 1611 1733 e'amque
1667 1669 1893 1719 caedem
1935 1674 1942 1696 ⁵

203 1744 319 1795 ideo
378 1764 480 1798 non
528 1765 635 1798 esse
684 1750 865 1799 factam
915 1751 1054 1814 quod
1110 1749 1244 1814 prius
1304 1767 1454 1814 quam
1503 1750 1658 1815 parati
1706 1760 1871 1801 essent
1935 1783 1942 1814 ,ν

201 1827 468 1878 coniuratis
519 1828 713 1893 signum
766 1829 986 1880 dedisset
1034 1830 1260 1882 Catilina.
1359 1831 1474 1881 Piso
1519 1841 1704 1894 autem,
1752 1835 1889 1882 cum'

202 1909 325 1958 haec
363 1909 657 1971 dicerentur,
696 1910 917 1975 perierat,
957 1911 1007 1960 in
1058 1911 1354 1976 Hispaniam
1398 1912 1576 1962 missus
1624 1931 1653 1962 a
1694 1922 1887 1964 senatu
1933 1907 1945 1959 J:

200 2006 287 2053 per
334 1991 575 2040 honorem
623 1991 881 2056 legationis
929 2002 982 2041 ut
1030 1996 1184 2045 ’tauus
1232 2010 1350 2042 suus
1396 1994 1715 2057 ablegaretur.
1791 1987 1883 2044 Ibi'
1940 1986 1944 1992 ¹

199 2070 403 2134 quidem
441 2073 562 2122 dum
600 2072 799 2123 iniurias
836 2073 1221 2138 provincialibus
1255 2074 1385 2136 facit,
1425 2075 1618 2125 occisus
1661 2085 1776 2137 erat,
1816 2085 1884 2147 ut
1934 2118 1936 2123 .

199 2152 403 2216 quidam
440 2155 724 2215 credebant,
751 2173 780 2205 a
806 2157 897 2207 Cn.
929 2156 1153 2221 Pompeii
1191 2156 1454 2208 clientibus
1489 2158 1730 2223 Pompeio
1766 2175 1889 2209 non

198 2234 367 2285 invito.
1871 2252 1882 2296 ζ,

266 2318 353 2365 An
392 2317 617 2367 oblitus
660 2337 718 2368 es
762 2328 817 2368 te
853 2338 918 2369 ex
962 2337 1062 2381 me,
1102 2338 1230 2370 cum
1274 2330 1604 2386 praeturam
1648 2331 1867 2386 petere·
1928 2313 1955 2387 J⁴

199 2414 335 2458 muS,
381 2398 609 2462 petisse
650 2410 713 2450 ut
756 2400 868 2450 tibi
909 2401 1158 2466 primum
1201 2404 1396 2453 locum
1438 2405 1883 2454 concederem?
1934 2443 1940 2447 .

198 2480 372 2541 Quod
419 2497 547 2530 cum
596 2481 834 2546 saepius
881 2500 1084 2548 ageres
1131 2493 1187 2534 et
1242 2484 1650 2549 impudentius
1696 2503 1726 2535 a
1778 2502 1881 2536 me
1930 2503 1945 2554 χ

255 2622 272 2648 1
305 2609 492 2651 lucceius
525 2611 592 2651 P:
622 2613 803 2652 lucteius
836 2612 874 2653 S
889 2628 898 2653 z
928 2613 1119 2655 lucrerus
1149 2615 1203 2654 M
1364 2629 1389 2654 2
1420 2619 1600 2657 ‘nomen
1635 2618 1762 2658 uxori
1772 2618 1875 2670 sunt
1926 2611 1952 2637 ’Ψ

194 2663 371 2704 Aurelia
393 2664 597 2719 Orestilla,
620 2666 669 2705 de
685 2680 804 2707 socru
823 2668 967 2719 ignoro
979 2667 989 2685 '
1008 2684 1037 2708 π
1222 2685 1246 2720 4
1276 2671 1500 2711 violaveris
1520 2675 1551 2713 Σ
1569 2686 1577 2711 :
1608 2672 1871 2713 involaveriae
1923 2666 1932 2698 ἶ

195 2718 239 2757 in
256 2718 462 2759 Patricius
596 2733 622 2772 5
653 2722 735 2761 Ro.
760 2722 969 2762 clamante
990 2726 1047 2764 Σε
1077 2724 1333 2765 reclamante
1353 2724 1489 2764 Halm
1621 2739 1670 2776 13
1700 2727 1866 2767 socium»
1923 2726 1951 2800 ἐι

195 2776 240 2821 Σ,
260 2786 360 2812 corr.
382 2773 572 2826 Poggius
681 2789 821 2826 neque
841 2777 923 2817 alio
944 2778 1116 2818 nemine
1137 2782 1180 2828 Σ,
1202 2792 1300 2818 corr.
1330 2779 1561 2820 Gronovius
1693 2793 1742 2832 15
1773 2793 1863 2822 non·
1923 2793 1943 2830 »ϊ-

192 2827 289 2867 add.
310 2827 392 2867 ΚΞ
411 2827 478 2879 (cjfi
505 2841 567 2878 72.
596 2832 666 2882 10)
805 2843 854 2870 21
888 2831 1125 2882 hispaniam
1147 2832 1200 2872 M
1216 2847 1224 2872 :
1256 2833 1453 2884 hispania
1473 2834 1553 2874 ΞΡ
1668 2848 1722 2875 22
1750 2847 1859 2876 auus
1919 2819 1950 2882 “J

193 2894 294 2921 suus
317 2885 374 2922 Σε
403 2882 456 2921 ab
475 2884 566 2923 suis
585 2883 815 2936 Sigonius:
845 2885 897 2925 ab
931 2886 1032 2925 urbe
1065 2886 1353 2927 Robortellus:
1383 2901 1540 2938 pravus
1563 2889 1670 2929 civis
1697 2889 1830 2930 Vonck
1846 2902 1868 2931 :.
1918 2866 1933 2949 ,i
1947 2891 1949 2930 Ι

178 2935 282 2984 sort.
306 2949 331 2975 a
350 2936 463 2976 vitiis
573 2937 629 2977 ibi
650 2939 818 2989 quidem
839 2940 1009 2991 scripSi:
1040 2941 1180 2991 ibique
1201 2945 1254 2982 Σε
1284 2942 1339 2981 ibi
1360 2942 1460 2982 Rau
1635 2956 1687 2994 24
1715 2957 1741 2984 a
1774 2944 1861 2984 Cn.»
1918 2943 1948 2992 ,φ’

191 2990 256 3028 P:
286 3003 334 3029 ac
368 2989 424 3029 ῃό
455 2990 545 3030 SM
697 3006 748 3044 27
779 2994 1062 3034 concederem
1098 2996 1162 3035 P:
1205 2998 1462 3037 concederet
1482 2997 1573 3037 SM
