1988 3334
632 140 708 189 IN
749 139 1224 189 MILONIANAM
1699 152 1753 201 51

91 272 99 278 Ἰ
130 281 251 330 lam
284 279 619 343 profitebatur,
656 276 843 327 dixerat
887 275 938 325 in
972 275 1206 327 contione
1235 275 1406 341 paucis
1437 283 1549 339 post
1583 275 1760 326 diebus

83 373 239 408 uuam
274 356 483 408 Clodius
520 365 622 406 erat
659 354 883 405 occisus:
935 353 1082 403 Milo
1113 354 1283 405 dedit
1316 370 1489 419 quem
1516 354 1573 403 in
1599 354 1759 403 curia

49 438 88 486 ⁴?
125 438 461 490 remaretis:
495 438 661 488 dabit
686 454 859 503 quem
885 436 942 486 in
969 436 1277 501 Capitolio
1302 435 1622 500 sepeliatiS.
1700 438 1760 485 In

70 512 263 572 vwdem
297 519 532 571 contione
570 520 704 570 idem
740 518 1175 570 dixerat-habuit
1211 519 1345 568 enim
1382 534 1493 568 eam
1517 534 1560 567 a.
1588 519 1636 568 d.
1666 533 1759 567 V111

59 599 102 667 fif:
139 604 200 653 al.
230 602 561 652 Febr.-cum
590 601 716 651 Milo
742 601 913 666 pridie,
943 601 995 651 id
1020 610 1095 650 est
1120 617 1236 650 V1111
1265 602 1376 650 Kal.
1408 600 1568 661 Febr„
1595 601 1763 650 venire

58 677 150 747 fiad
192 684 489 749 Pompeium
532 684 583 733 in
620 686 790 735 hortos
827 683 932 734 eius
968 683 1218 743 voluisset,
1258 681 1557 746 Pompeium
1594 682 1639 732 ei
1675 699 1764 746 per

50 757 89 827 s·
122 764 343 816 ominem
378 765 716 831 propinquum
753 764 945 815 misisse
988 763 1220 814 nuntium
1262 780 1327 814 ne
1362 765 1428 813 ad
1470 780 1523 813 se
1559 763 1760 814 veniret.

62 846 228 914 ,rius
275 846 423 897 etiam
473 864 625 912 quam
675 846 948 911 Pompeius
1004 856 1078 896 ter
1125 848 1302 896 consul
1354 855 1612 905 crearetur,
1664 854 1761 895 tres

131 927 282 989 ‘buni‚
335 929 397 992 Q.
449 928 719 993 Pompeius
776 930 952 989 Rufus,
1004 929 1060 980 C.
1113 927 1372 979 Sallustius
1429 926 1648 991 Crispus,
1700 929 1758 976 T.

48 1001 96 1078 'J'
148 1009 346 1059 unatius
372 1011 601 1071 PlancuS‚
625 1027 740 1060 cum
766 1009 1031 1060 cotidianis
1056 1008 1377 1059 contionibus
1403 1008 1503 1058 suis
1529 1025 1760 1074 magnam

67 1094 69 1098 ⁴
138 1091 323 1142 vidiam
358 1092 540 1142 Miloni
575 1102 776 1158 propter
808 1092 1030 1143 occisum
1065 1091 1303 1143 Clodium
1337 1091 1618 1152 excitarent,
1655 1107 1763 1155 pro-

60 1176 327 1234 [suxerant
357 1176 424 1224 ad
454 1177 698 1240 populum
733 1176 825 1226 Cn.
855 1174 1154 1240 Pompeium
1187 1182 1236 1224 et
1268 1174 1332 1224 ab
1358 1190 1419 1224 eo
1450 1172 1762 1237 quaesierant

72 1264 207 1341 pum
230 1257 296 1306 ad
322 1273 438 1306 eum
462 1258 684 1307 delatum
710 1266 840 1307 esset
872 1256 1002 1306 illius
1028 1273 1230 1321 quoque
1255 1257 1330 1305 rei
1358 1255 1614 1316 indicium,
1644 1272 1762 1306 suae

71 1336 213 1425 ffitae
231 1337 452 1388 insidiari
477 1338 742 1390 Milonem.
803 1340 1153 1404 Responderat
1178 1338 1477 1403 Pompeius:
1513 1337 1762 1388 Licinium

48 1417 50 1421 ’
81 1421 338 1470 tuendam
380 1423 445 1471 de
485 1422 633 1486 plebe
675 1421 1007 1472 sacrificulum
1049 1421 1136 1486 qui
1172 1421 1345 1471 solitus
1382 1429 1512 1471 esset
1552 1420 1763 1470 familias

48 1519 290 1576 jurgare
331 1505 396 1553 ad
438 1520 491 1554 se
527 1504 763 1555 detulisse
800 1504 966 1555 servos
1009 1505 1255 1568 quosdam
1297 1503 1504 1554 Milonis
1541 1503 1763 1568 itemque

48 1599 59 1616 ³
82 1583 286 1635 ’bertos
311 1595 625 1650 comparatos
658 1603 766 1636 esse
798 1588 863 1636 ad
896 1587 1104 1636 caedem
1137 1602 1293 1647 suam,
1321 1585 1527 1635 nomina
1560 1602 1763 1650 quoque

60 1677 336 1724 fervorum
357 1668 573 1719 edidisse
590 1687 604 1730 ,-
627 1687 675 1718 se
691 1671 757 1719 ad
784 1668 1030 1719 Milonem
1050 1668 1242 1718 misisse
1260 1677 1426 1718 utrum
1446 1668 1498 1717 in
1517 1677 1763 1733 potestate

206 1751 411 1800 haberet
429 1769 442 1812 3
478 1768 508 1800 a
542 1750 736 1801 Milone
773 1768 1067 1816 responsum
1105 1767 1230 1812 esse,
1259 1767 1319 1800 ex
1354 1750 1413 1799 iis
1451 1750 1601 1800 servis
1636 1767 1762 1814 quos

124 1833 393 1884 ominasset
429 1834 608 1898 partim
644 1834 898 1884 neminem
936 1851 988 1884 se
1025 1851 1266 1898 umquam
1303 1833 1550 1894 habuisse,
1584 1834 1761 1898 partim

48 1918 62 1922 ’
80 1927 93 1971 ἱ,·,
139 1915 465 1977 anumisisse3
500 1916 632 1979 dein,
661 1934 776 1966 cum
804 1915 1054 1965 Licinium
1078 1917 1214 1980 apud
1239 1932 1292 1965 se
1318 1915 1537 1976 haberet,
1569 1953 1758 1964 ......

62 1993 92 2035 7³
130 1999 297 2047 ucium
346 2000 600 2062 quendam
649 2001 713 2048 de
761 1999 907 2062 plebe
955 1999 1020 2047 ad
1068 1999 1490 2062 corrumpendum
1544 1996 1761 2047 indicem

60 2070 277 2146 'senisse
294 2099 308 2142 3
355 2098 454 2145 qua
495 2098 546 2130 re
582 2081 781 2146 cognita
817 2080 867 2129 in
904 2080 1066 2130 vincla
1103 2097 1218 2130 eum
1260 2079 1461 2144 publica
1503 2097 1611 2130 esse
1647 2097 1762 2129 con-

63 2175 67 2198 ²
85 2151 283 2212 ctum.
382 2165 680 2213 Decreverat
727 2163 861 2213 enirn
910 2172 1110 2213 senatus
1159 2171 1213 2212 ut
1260 2179 1375 2211 cum
1423 2161 1664 2227 interrege
1712 2171 1759 2212 et
1782 2168 1854 2227 46

133 2242 294 2294 'bunis
320 2244 479 2309 plebis
514 2244 782 2310 Pompeius
812 2246 951 2295 daret
985 2261 1188 2309 operam
1222 2262 1285 2294 ne
1311 2244 1434 2308 quid
1459 2262 1534 2295 res
1559 2245 1761 2309 publica

48 2312 73 2394 ᾗ
94 2316 369 2376 ’Ὄῐϊὶιῃεηῐί
428 2337 637 2391 caperet.
727 2327 810 2378 Ob
869 2329 958 2377 has
1015 2326 1323 2392 suspiciones
1385 2326 1653 2392 Pompeius
1711 2328 1760 2376 in

62 2479 79 2513 ,τι
100 2470 102 2474 “
145 2470 164 2498 1
178 2458 332 2509 ‚paucis
354 2464 451 2508 post
472 2457 508 2498 S
529 2473 537 2498 :
567 2464 666 2509 post
687 2458 830 2509 paucis
849 2457 942 2496 PM
1050 2471 1074 2496 2
1107 2458 1309 2497 milonem
1330 2458 1429 2497 dedi
1450 2457 1487 2498 S
1596 2472 1621 2509 3
1653 2460 1762 2499 dabo

50 2510 77 2543 ἶ
155 2525 254 2553 corr.
275 2513 377 2552 Rau
555 2525 580 2564 5
612 2514 654 2552 id
687 2519 752 2552 est
788 2543 796 2553 .
832 2543 842 2554 .
878 2543 887 2552 .
921 2512 1043 2552 Febr.
1070 2513 1142 2553 del.
1164 2512 1390 2553 Manutius
1415 2513 1507 2560 (sed
1526 2514 1572 2564 cf
1602 2527 1666 2563 44.
1693 2517 1760 2564 13)

64 2582 73 2592 ’
135 2578 168 2606 11
188 2566 225 2607 S
242 2582 251 2607 :
280 2579 345 2607 vn
365 2567 465 2619 PM,
491 2581 591 2608 corr.
617 2567 775 2607 Schit'tz
931 2569 958 2606 6
987 2568 1031 2606 in
1052 2567 1158 2607 ortis
1178 2570 1224 2617 Σ,
1247 2581 1347 2608 corr.
1373 2567 1598 2607 Manutius
1737 2572 1763 2609 8

66 2638 77 2668 .··'
134 2634 156 2662 r
175 2625 233 2663 2:
264 2634 314 2662 111
337 2622 563 2662 Manutius
723 2636 750 2674 9
778 2623 828 2662 T.
854 2621 1107 2662 Manutius:
1138 2622 1184 2663 L.
1210 2626 1241 2663 Σ
1413 2636 1462 2662 10
1494 2623 1706 2664 clodianis
1728 2624 1764 2664 S

119 2688 139 2716 1
169 2677 351 2716 occisum
374 2676 410 2716 S
427 2691 436 2717 ε
467 2690 492 2729 9
512 2677 582 2718 P:
612 2691 694 2717 om.
719 2677 772 2715 M
918 2689 967 2726 13
997 2676 1131 2728 illius]
1153 2677 1255 2717 illud
1276 2676 1334 2717 ed.
1358 2677 1462 2718 Ald.
1579 2679 1639 2718 rei
1661 2679 1758 2719 add.

138 2743 331 2771 ommsen
474 2745 522 2782 14
553 2733 739 2772 licinium
759 2731 870 2772 PM2
891 2746 900 2772 :
929 2732 1150 2771 licinnium
1169 2731 1259 2771 SM
1276 2732 1353 2785 (ita
1374 2745 1410 2772 v.
1437 2745 1486 2771 21
1511 2732 1569 2783 S)
1716 2746 1762 2783 15

68 2812 70 2816 -
139 2786 376 2826 criticorum
400 2790 444 2838 Σ,
465 2801 566 2828 corr.
588 2786 810 2827 Manutius
936 2799 982 2836 17
1013 2786 1169 2827 liberos
1191 2790 1234 2838 Σ,
1257 2800 1359 2829 corr.
1384 2786 1584 2827 Graevius
1713 2791 1762 2829 18

75 2838 80 2874 Ϊ
146 2839 231 2880 isse
252 2844 295 2892 Σ,
319 2854 419 2882 corr.
443 2841 502 2883 ed.
526 2842 641 2882 Iunt.
776 2855 824 2881 se
844 2841 942 2882 add.
965 2841 1112 2881 Baiter
1237 2847 1379 2881 utrum
1399 2842 1567 2894 scripsi:
1598 2849 1643 2882 ut
1664 2856 1761 2883 eum

139 2908 151 2935 t
178 2901 224 2935 ut
245 2908 318 2935 eos
334 2895 540 2936 Beraldus
709 2910 759 2947 19
789 2896 968 2936 haberet
993 2926 1133 2937 .....
1161 2897 1205 2950 (8
1226 2896 1297 2937 litt.
1322 2895 1396 2949 M)
1419 2901 1450 2936 Σ
1590 2910 1642 2936 22
1672 2911 1761 2938 cor-

71 2983 102 2994 ,ἡ
141 2961 213 3001 mp
235 2980 445 2991 .......
469 2950 507 2990 S
655 2964 708 3002 23
737 2952 781 2991 in
803 2950 944 2991 vincla
964 2964 1047 2992 om.
1072 2950 1110 2990 S
1260 2963 1312 3001 24
1343 2952 1538 2991 decreuit
1557 2951 1677 2992 PM:
1711 2984 1718 2993 .
1748 2986 1755 2992 .

50 3000 52 3009 ’
81 3004 105 3050 ἱ,
129 3033 138 3043 .
157 3033 167 3045 .
191 3033 200 3044 .
239 3004 287 3056 S,
313 3019 413 3047 corr.
436 3007 654 3046 Hotoman
768 3012 812 3045 ut
836 3005 924 3045 PM
939 3020 947 3045 :
977 3019 1059 3046 om.
1085 3005 1122 3044 S
1288 3018 1338 3056 25
1369 3006 1537 3045 tribuno
1560 3006 1596 3045 S

50 3092 53 3093 ⁷
92 3073 103 3110 g
1601 3062 1652 3100 4*
