1988 3334
231 156 289 205 52
330 196 367 203 Κ
890 143 1236 194 ASCONIVS

228 282 563 347 superioribus
597 284 751 333 hortis
785 299 837 334 se
862 283 1173 334 continuerat
1192 303 1204 346 3
1240 285 1424 336 deinde
1457 302 1516 336 ex
1550 288 1595 337 S.
1626 288 1680 338 C.
1709 288 1839 339 dilec
1879 270 1883 274 ⁵
1958 276 1961 283 ¹

227 380 314 429 per
340 364 534 414 Italiam
561 364 732 414 habito
758 381 872 415 cum
907 365 1127 427 redisset,
1155 365 1436 416 venientem
1469 369 1534 418 ad
1564 385 1617 418 se
1649 369 1841 421 Milone
1872 395 1879 415 ι

227 461 383 495 unum
409 445 633 495 omniurn
659 462 760 495 non
780 446 1058 497 admiserat.
1117 449 1246 498 Item
1267 464 1382 497 cum
1403 458 1602 499 senatus
1626 450 1677 499 in
1702 437 1829 515 porti
1958 501 1961 513 ,

228 526 453 591 Pompeii
501 527 764 577 haberetur
810 537 865 577 ut
913 527 1182 593 Pompeius
1229 538 1398 593 posset
1443 529 1693 592 interesse,
1737 549 1840 582 unu
1871 556 1878 578 ι
1958 550 1960 592 g

226 625 340 658 eum
366 607 528 658 excuti
560 608 694 674 prius
727 626 879 673 quam
911 609 962 659 in
996 619 1223 660 senatum
1257 610 1457 662 intraret
1489 611 1706 663 iusserat.
1780 616 1852 663 H
1874 615 1890 657 ιζ
1958 605 1960 643 ³

226 699 341 740 sunt
365 689 671 755 suspiciones
697 707 820 754 quas
845 707 897 741 se
921 690 1042 741 dicit
1065 691 1425 756 pertimescere.

295 771 337 835 (ξ
366 771 467 837 71.)
504 771 663 835 Quid
689 771 844 821 enim
869 771 1062 822 minus
1086 773 1192 822 illo
1217 773 1460 838 dignum
1486 791 1659 839 quam
1684 792 1882 842 coger-
1958 765 1959 770 ¹

226 864 287 904 ut
328 869 429 903 vos
472 870 601 903 eum
644 854 1063 904 condemnetis
1106 854 1165 904 in
1207 844 1394 920 quern¹
1420 855 1890 910 animadvertet

226 935 351 1001 ipse
398 944 454 986 et
506 951 663 986 more
710 934 999 985 maiorum
1047 945 1104 986 et
1157 953 1264 987 suo
1316 937 1442 988 iure
1493 942 1733 1003 posset?
1790 949 1896 991 ses
1933 955 1938 959 ’

225 1017 526 1082 praesidio
563 1034 690 1067 esse
728 1026 776 1067 et
812 1026 987 1067 cetera.
1957 1012 1959 1019 ⁴

295 1101 439 1149 Idem
465 1101 525 1148 T.
549 1098 808 1148 Munatius
835 1101 1062 1160 PlancuS,
1086 1108 1139 1149 ut
1165 1116 1313 1165 saepe
1337 1100 1568 1164 diximuS,
1587 1112 1702 1166 post
1726 1103 1844 1154 audi
1872 1127 1877 1146 ι
1957 1130 1959 1156 ι

225 1190 274 1231 et
321 1180 580 1245 obsignata
627 1180 828 1230 testium
874 1182 1025 1231 verba
1075 1181 1407 1247 dimissosque
1455 1183 1651 1233 interim
1706 1184 1882 1236 iudic
1957 1223 1958 1257 ;

227 1273 400 1314 vocata
425 1262 660 1313 contione
684 1266 970 1313 cohortatus
996 1273 1098 1314 erat
1129 1266 1371 1329 populum
1397 1274 1451 1314 ut
1477 1265 1654 1316 clausis
1679 1267 1794 1316 tabe
1856 1265 1868 1277 ⁸
1929 1259 1959 1341 f

226 1427 484 1478 Milonem.

295 1508 341 1574 (ξ
368 1508 472 1574 87.)
510 1508 949 1559 Incidebantur
1002 1509 1113 1559 iam
1165 1509 1324 1560 domi
1377 1512 1535 1575 leges
1589 1527 1736 1575 quae
1788 1513 1938 1571 noz'.

226 1591 409 1642 servis
446 1591 667 1642 nostris
703 1591 1066 1643 addicerent.
1932 1596 1937 1603 '

293 1673 606 1738 Significasse
630 1673 728 1724 iam
754 1682 875 1738 puto
901 1690 993 1724 nos
1018 1673 1168 1725 fuisse
1201 1674 1328 1725 inter
1360 1676 1491 1740 leges
1517 1677 1570 1726 P.
1599 1676 1748 1727 Clodi
1773 1693 1856 1742 qu
1927 1684 1931 1701 ⁵

224 1757 348 1806 ferre
379 1763 704 1820 proposuerat
741 1772 850 1805 eam
888 1771 1090 1820 quoque
1126 1773 1225 1820 qua
1260 1756 1486 1818 libertini,
1527 1757 1612 1821 qui
1645 1774 1748 1808 non
1783 1759 1834 1823 pl
1880 1747 1881 1750 ¹
1925 1763 1957 1827 2

224 1854 374 1902 quarn
394 1837 446 1887 in
461 1839 599 1887 IIII
607 1836 835 1886 tribubus
852 1837 1137 1901 suffragium
1157 1839 1393 1899 ferebant,
1413 1847 1617 1903 possent
1632 1839 1683 1888 in
1702 1839 1866 1890 rustic
1877 1878 1880 1883 .
1953 1854 1956 1863 ¹

225 1934 426 1983 quoque
450 1917 692 1980 tribubus,
721 1934 849 1982 quae
872 1918 1099 1983 propriae
1124 1918 1452 1983 ingenuorum
1478 1929 1605 1981 sunt,
1633 1922 1772 1971 ferre.
1876 1911 1878 1913 ’

295 1999 339 2064 (§
381 1997 484 2064 88.)
532 2003 800 2060 SenatuS,
852 2001 1041 2060 cred0,
1094 2008 1429 2064 praetorem
1477 2018 1606 2051 eum
1654 2002 1815 2052 circu
1854 2027 1878 2049 ι.

226 2071 580 2146 scripsisset.
656 2083 744 2132 Ne
780 2098 910 2131 cum
947 2082 1183 2132 solebat
1219 2081 1458 2146 quidem
1495 2082 1553 2134 id
1590 2085 1882 2145 facere,1‹'

225 2162 457 2228 privato
493 2164 700 2213 eodem
736 2164 847 2213 hoc
885 2162 1116 2227 aliquid
1142 2164 1482 2228 profecerat.
1877 2214 1879 2218 Α

292 2244 545 2310 Significat
570 2244 621 2296 id
653 2254 850 2310 tempus
884 2262 985 2310 quo
1012 2247 1063 2294 P.
1095 2244 1318 2307 Clodius,
1344 2262 1448 2295 cum
1471 2247 1638 2297 adhuc
1662 2255 1859 2312 quaest

284 2386 301 2412 1
335 2374 491 2414 dilectu
511 2374 565 2414 M
581 2388 591 2413 ε
620 2374 790 2415 delectu
811 2373 892 2414 SP
1029 2387 1054 2424 4
1085 2374 1232 2437 unum]
1257 2375 1396 2415 sinum
1417 2375 1607 2427 Poggius
1743 2387 1768 2426 5
1797 2389 1866 2416 eu

227 2428 412 2468 Rinkes:
442 2434 530 2468 tum
561 2431 592 2469 Σ
831 2430 1013 2469 intraret
1045 2429 1289 2480 priusquam
1325 2432 1384 2471 Σ.
1414 2430 1592 2470 intraret
1627 2429 1822 2470 Clodium
1871 2430 1874 2434 ’
1924 2439 1945 2480 ἰς

224 2497 326 2523 corr.
346 2483 407 2523 ed.
430 2483 548 2524 Iunt.
707 2483 919 2523 iusserant
939 2487 984 2535 Σ,
1006 2497 1108 2524 corr.
1132 2483 1190 2524 ed.
1220 2485 1315 2524 Ven.
1340 2484 1460 2534 (sont.
1485 2485 1678 2536 intraret,
1703 2484 1840 2524 Clodi
1919 2494 1944 2548 ξ,

226 2537 463 2589 iusserant)
654 2540 681 2576 6
710 2550 757 2577 se
779 2538 879 2578 dicit
898 2514 1068 2590 scripsi:
1096 2550 1144 2578 se
1166 2538 1319 2578 Cicero
1341 2537 1440 2578 dicit
1460 2537 1524 2578 S:
1553 2539 1654 2580 dicit
1674 2551 1722 2578 se
1743 2539 1862 2586 Cice,
1919 2530 1951 2594 ζ

226 2591 292 2632 P:
333 2591 434 2631 dicit
464 2592 619 2632 Cicero
649 2591 701 2630 M
899 2594 926 2632 8
955 2599 1001 2633 ut
1029 2605 1108 2632 uos
1140 2605 1236 2632 eum
1268 2592 1346 2632 Cic.
1379 2592 1489 2632 codd.
1520 2591 1649 2632 ΕΤδ·
1693 2599 1739 2634 ut
1767 2606 1866 2634 uuu
1920 2586 1951 2645 ἕξ

227 2645 307 2686 Cic.
328 2646 412 2686 cod.
434 2650 493 2686 Σ·
522 2652 569 2686 ut
588 2659 664 2686 uos
687 2646 765 2687 Cic.
787 2646 871 2686 cod.
896 2646 977 2687 Η.
1007 2659 1103 2686 eum
1122 2645 1241 2686 PM.
1271 2659 1368 2686 eum
1389 2653 1434 2686 ut
1454 2659 1530 2687 vos
1553 2660 1649 2687 eum
1670 2647 1708 2687 S
1854 2670 1862 2694 ς
1938 2645 1951 2699 2'

226 2707 269 2740 et
298 2713 417 2740 more
442 2699 493 2751 S,
512 2699 702 2753 Poggtus
724 2703 839 2749 (cum
864 2699 996 2754 Cic.)·
986 2731 996 2741 .
1036 2714 1091 2740 ex
1119 2714 1237 2741 more
1263 2699 1376 2741 P¹M
1535 2702 1669 2752 possit
1702 2701 1781 2742 Cic.
1818 2719 1845 2733 υ
1937 2703 1941 2710 “

227 2758 258 2796 Σ
369 2760 413 2794 et
433 2755 650 2806 praesidio
671 2760 787 2794 esset
809 2759 853 2805 Σ,
877 2768 978 2796 corr.
1003 2755 1147 2796 Eailer
1161 2769 1212 2795 ex
1230 2755 1308 2796 Cic.
1495 2767 1544 2806 13
1573 2756 1704 2797 clusis
1723 2759 1768 2807 Σ,
1791 2768 1833 2795 co
1866 2786 1874 2800 .,
1920 2752 1950 2763 ”

227 2808 431 2850 Lodoz'cus
582 2822 629 2860 14
660 2808 761 2860 nec]
785 2822 841 2849 ne
862 2807 951 2849 SM
1077 2810 1159 2850 labi
1181 2813 1225 2860 Σ,
1247 2822 1348 2850 corr.
1373 2809 1433 2851 ed.
1455 2810 1498 2848 A
1505 2809 1558 2849 ld.
1721 2811 1770 2850 16
1796 2822 1844 2850 n·
1922 2831 1950 2866 ³·

226 2864 310 2903 iam
331 2862 429 2903 add.
451 2867 494 2912 Σ,
516 2863 589 2903 del.
614 2862 840 2904 Manutius
859 2877 908 2903 ex
928 2863 1005 2904 Cic.
1206 2865 1256 2903 18
1284 2864 1382 2915 lege
1403 2861 1468 2915 sp.
1490 2864 1604 2905 clodi
1624 2863 1662 2904 S
1861 2873 1874 2919 ὐ
1920 2860 1949 2924 Ι”

226 2930 295 2957 1111
328 2917 520 2958 tribubus
551 2916 663 2958 KS:
708 2918 845 2957 tribus
878 2922 939 2960 Σε
981 2917 1170 2959 tribubus
1209 2917 1381 2960 urbanis
1419 2924 1620 2970 quattuor
1657 2916 1864 2958 Momm
1924 2942 1928 2947 ·

225 2984 278 3011 ⁹2
308 2972 693 3023 circumscripsisse
713 2975 758 3023 Σ,
782 2985 881 3014 corr.
905 2970 1128 3012 Manutius
1148 2985 1197 3013 ex
1217 2971 1296 3013 Cic.
1446 2986 1499 3023 24
1528 2972 1768 3025 profecerat
1789 2971 1868 3013 cic<
1920 2975 1933 3025 J

225 3056 510 3068 .........
537 3029 582 3078 (6
601 3027 671 3066 litt.
694 3024 750 3077 P)
774 3030 805 3067 Σ
980 3038 1033 3077 25
1063 3027 1105 3066 id
1127 3026 1194 3068 P:
1222 3028 1275 3067 ad
1297 3025 1385 3068 SM
1511 3027 1692 3075 clodium
1715 3058 1725 3069 .
1747 3058 1756 3069 .
1781 3058 1790 3070 .
1811 3057 1822 3069 .
1842 3054 1854 3068 .
1908 3052 1910 3054 ν

225 3081 271 3134 (6
291 3080 368 3121 litt.
389 3080 442 3132 P,
464 3094 492 3133 9
511 3081 558 3133 S,
586 3093 632 3121 11
656 3079 730 3133 Μ)
753 3085 798 3133 Σ,
821 3093 919 3123 corr.
943 3081 1165 3122 Manutius
