1988 3334
740 95 1147 145 PRAEFATIO

115 236 353 299 momenti
377 244 556 296 essent,
584 234 914 299 ignorabatur.
988 233 1158 284 Veluti
1189 234 1466 284 Bandinius
1490 234 1543 283 in
1574 237 1787 284 Lauren-

113 320 274 381 tianae
311 317 655 369 Bibliothecae
680 318 932 381 catalogo,
971 315 1058 365 ubi
1094 317 1160 366 ad
1197 317 1307 367 cod.
1347 318 1423 366 M
1448 326 1652 366 ventum
1695 326 1783 376 est,

112 400 316 467 Asconii
375 399 715 450 inventionem
776 397 964 462 Poggio
1018 397 1190 448 deberi
1244 397 1456 449 breviter
1503 398 1637 459 dicit,
1688 398 1786 448 alio

112 486 224 548 loco
248 483 360 533 cod.
388 484 431 533 S
450 499 509 531 ex
540 479 712 546 Poggii
742 479 1009 543 exemplari
1039 479 1338 545 exscriptum
1370 497 1478 530 esse
1506 480 1783 540 arbitratur,

112 565 337 617 codicem
374 552 627 629 quendam
666 562 1054 613 Riccardian‘um
1087 562 1242 628 (num.
1276 562 1393 628 757)
1426 581 1454 613 e
1484 562 1785 614 deteriorum

36 684 38 720 i
114 664 320 698 numero
345 646 499 711 ipsius
526 645 699 710 Poggii
723 647 1066 710 apographum
1092 663 1200 695 esse
1224 646 1507 696 asseverat.¹

181 728 468 779 Feliciorem
513 729 717 779 tandem
759 727 890 776 viam
939 726 1143 792 ingressi
1185 737 1302 776 sunt
1343 727 1557 778 editores
1608 727 1791 778 Beroli-

36 851 37 862 ,
113 828 289 866 nenses
326 810 412 875 qui
453 811 600 860 codd.
640 812 755 860 SM
781 812 1098 860 contulerunt
1140 819 1189 860 et
1226 810 1290 859 ab
1330 809 1439 874 ipso
1482 809 1790 874 Sangallensi

36 914 38 928 ·
112 892 427 958 transcriptos
457 909 565 943 esse
598 893 1076 942 demonstraverunt.
1152 891 1433 956 Poggianae
1466 892 1616 942 etiarn
1654 891 1791 941 fami-

36 1028 38 1035 ,
111 975 204 1027 liae
228 975 421 1026 indoles
447 991 575 1039 quae
600 984 731 1024 esset
755 974 978 1039 quinque
1008 976 1156 1025 codd.
1186 974 1450 1025 mediocris
1475 977 1552 1025 vel
1578 974 1789 1039 vulgaris

36 1099 38 1111 .
75 1057 78 1060 ’
113 1067 259 1118 notae
305 1056 497 1107 collatis
546 1056 839 1121 investigare
888 1056 1055 1107 conati
1104 1066 1232 1106 sunt.
1331 1057 1428 1106 His
1480 1059 1628 1107 fretos
1686 1074 1788 1106 non

113 1140 393 1192 mirandum
441 1148 515 1189 est
569 1140 633 1189 de
687 1138 859 1204 Poggii
911 1140 1009 1189 fide
1062 1130 1222 1204 paulo'
1260 1139 1480 1204 iniquius
1527 1139 1788 1199 iudicasse,

113 1239 228 1285 cum
263 1221 424 1286 primo
461 1223 574 1271 loco
610 1230 855 1285 ponerent
891 1224 1241 1282 Sozomenum,
1271 1223 1496 1272 secundo
1534 1223 1790 1271 Bartholo-

115 1321 328 1365 maeum,
353 1302 497 1353 tertio
535 1303 792 1367 Poggium.
866 1303 1093 1353 Aliorum
1131 1320 1258 1368 quos
1295 1321 1399 1353 non
1435 1303 1529 1369 ipsi
1565 1303 1790 1354 viderant

113 1386 258 1447 huius
324 1385 486 1450 stirpis
554 1385 786 1436 codicum
859 1385 1168 1435 mentionem
1233 1386 1432 1447 faciunt,
1496 1386 1547 1435 in
1608 1386 1790 1450 quibus

115 1478 187 1531 est
248 1467 552 1520 Matritensis
605 1483 655 1517 x.
715 1471 793 1528 81,
851 1478 1080 1533 excerpta
1133 1470 1383 1532 quaedam
1439 1487 1499 1519 ex
1548 1467 1793 1533 Sigeberti

117 1550 402 1613 Chronico,2
438 1549 732 1611 Asconium‚
771 1549 1027 1600 Valerium
1072 1552 1307 1600 Flaccum
1351 1550 1627 1600 continens.
1708 1551 1791 1600 Ad

116 1635 266 1694 finem
291 1632 458 1683 Flacci
483 1632 782 1697 subscriptio
808 1634 932 1683 haec
958 1642 1032 1683 est
1052 1652 1062 1683 ε

67 1762 73 1775 ,
120 1746 146 1775 7,
170 1719 290 1774 ,Hoc
317 1715 658 1779 fragmentum
708 1723 945 1779 repertum
987 1722 1058 1768 est
1090 1717 1142 1765 in
1187 1718 1492 1767 Monasterio
1535 1719 1604 1767 St.
1651 1718 1797 1768 Galli

105 1805 256 1863 prope
308 1797 647 1848 Constantiam
696 1812 771 1846 xx
821 1798 1014 1846 milibus
1048 1806 1290 1862 passuum
1347 1815 1447 1847 una
1492 1815 1600 1849 cum
1643 1805 1793 1862 parte

35 1867 39 1888 ²
116 1880 316 1947 Asconii
346 1880 571 1928 Pedz'ani.
656 1881 797 1929 Deus
837 1881 1058 1928 concedat
1097 1882 1247 1930 alteri
1283 1887 1341 1928 ut
1378 1888 1635 1944 utrumque
1676 1889 1793 1945 opus

36 1993 37 2027 3
116 1962 329 2025 reperiat
346 1960 639 2024 perfectum,
691 1977 776 2011 nos
819 1963 953 2024 quod
982 1962 1238 2025 potuimus
1291 1963 1484 2026 egimus.
1520 2000 1524 2003 -
1581 1964 1690 2014 Ρθσ
1651 1964 1794 2026 g’gzus

116 2043 436 2093 Horentz'nus.
838 2102 842 2106 ι

128 2190 132 2194 .
184 2124 427 2184 Codicem
465 2123 653 2189 primus
687 2123 925 2174 indicavit
960 2125 1164 2186 Knust,3
1193 2125 1454 2190 descripsit
1489 2129 1548 2177 G.
1578 2129 1795 2189 L,oewe‚‘²

36 2269 38 2277 Κ
119 2205 205 2271 qui
236 2224 351 2256 curn
384 2208 538 2259 altero
571 2205 748 2257 co'dice
777 2208 846 2256 M
879 2224 936 2271 31
975 2206 1027 2256 in
1053 2208 1230 2258 eadem
1264 2207 1570 2259 bibliotheca
1602 2219 1795 2260 servato

120 2287 239 2338 olim
307 2287 549 2339 coaluisse
608 2288 794 2351 docuit,
857 2288 962 2339 eius
1027 2289 1415 2355 descriptionem
1484 2292 1796 2342 confirmavit

36 2403 38 2407 -
122 2371 182 2421 R.
234 2374 371 2421 Beer.
461 2372 636 2421 Codex
677 2373 753 2420 M
791 2387 851 2434 31
898 2371 1094 2421 Manilii
1138 2372 1490 2422 Astronomica
1549 2383 1598 2424 et
1654 2374 1797 2424 Statii

36 2475 39 2496 a
121 2451 289 2514 SilvaS,
317 2469 445 2517 quae
481 2469 632 2517 opera
667 2470 697 2501 a
733 2452 921 2517 Poggio
958 2470 1091 2504 anno
1123 2470 1247 2518 1417
1287 2454 1489 2506 inventa
1525 2465 1654 2518 sunt,
1683 2475 1799 2508 con-

36 2555 39 2590 }
122 2532 256 2597 tinet.
329 2537 552 2600 Vterque
582 2537 742 2585 codex
774 2535 826 2585 in
857 2535 1216 2587 bibliothecam
1252 2554 1280 2587 e
1316 2537 1452 2587 libris
1488 2539 1700 2590 Comitis
1733 2541 1798 2591 de

37 2620 39 2640 ¹
126 2616 356 2668 Miranda
402 2616 550 2678 venit,
602 2619 780 2668 eadem
837 2620 938 2668 fere
986 2620 1146 2669 forma
1193 2629 1242 2670 et
1290 2620 1634 2711 magnitudine
1682 2631 1799 2672 sunt

37 2693 39 2734 Ᾰ
123 2685 272 2772 (2072
290 2713 326 2750 ><
361 2713 474 2763 30·5
515 2701 590 2749 M
619 2717 701 2763 31,
743 2715 852 2764 20·5
891 2715 927 2752 ><
963 2718 1072 2764 30·2
1118 2703 1173 2751 X
1205 2700 1307 2768 81),
1346 2701 1397 2752 in
1435 2711 1573 2768 tergo
1608 2704 1798 2796 codicis

178 2786 191 2810 ¹
221 2787 358 2828 Codd.
382 2788 472 2828 Lat.
501 2787 540 2828 ii.
563 2800 604 2838 p.
629 2799 723 2838 503.

177 2840 191 2862 ²
221 2841 380 2893 Migne,
405 2842 512 2882 Bibl.
540 2842 650 2883 Patr.
678 2843 769 2883 Lat.
797 2842 878 2884 clx.
904 2856 970 2895 54.

170 2896 193 2927 3
222 2896 360 2949 Pertz‚
383 2896 556 2936 Archiv,
579 2897 665 2937 viii.
690 2910 731 2948 p.
761 2909 850 2947 15²·

178 2949 191 2972 ⁴¹
223 2951 272 2990 G.
294 2952 467 3002 Loewe,
494 2951 756 2992 Bibliotheca
779 2953 950 2993 Patrum
975 2952 1156 3005 Hispan.
1181 2967 1251 3006 pp.
1276 2955 1370 3006 418,
1394 2966 1486 3007 454,
1509 2956 1653 3007 Wien,
1679 2957 1794 3008 1887.

233 3031 442 3059 Ascomvs
919 3022 1014 3070 xvii
1631 3026 1661 3074 l)
