1988 3334
860 106 1266 167 PRAEFATIO

228 244 392 294 statim
418 247 508 297 sed
531 247 681 311 paulo
697 255 880 311 ‘postea
894 251 908 277 ¹
930 246 1183 311 Poggiano
1202 245 1348 296 huius
1368 245 1603 296 orationis
1627 244 1895 310 exemplari
1951 278 1973 304 ,-

227 327 294 377 ad
337 329 489 378 Italos
535 328 703 379 adlato
750 329 854 379 fieri
895 338 1175 393 potuerunt,
1216 337 1493 379 atramento
1535 327 1745 393 nigriore
1786 344 1900 378 con-
1964 366 1973 379 γ.

228 410 387 459 fectae
412 418 539 459 sunt.
603 411 788 459 Nonne
812 410 968 460 oculis
994 409 1160 461 videre
1179 410 1405 461 videmur
1425 409 1597 475 Poggii
1620 409 1897 469 familiares,

229 490 510 552 Nicolaum,
574 493 906 553 Leonardum,
971 492 1260 553 Guarinum,
1325 491 1655 557 Gasparinum
1722 509 1783 542 eo
1847 491 1899 541 in

230 572 485 622 Britannia
523 583 864 623 commorante
901 590 1152 639 quemque
1194 591 1340 624 suum
1380 574 1431 623 in
1470 573 1692 625 Asconio
1734 590 1899 624 emen·
1926 572 1936 582 ⁵

228 655 399 704 dando
435 655 713 718 symbolam
751 654 974 704 certatim
1010 657 1359 705 conferentes?

298 738 374 785 Ex
432 738 526 786 hac
579 736 943 787 correctionum
1001 754 1031 786 a
1089 737 1312 802 pluribus
1365 739 1605 788 factarum
1659 736 1898 802 farragine

227 818 433 868 varietas
459 836 618 883 paene
638 821 801 869 omnis
821 819 872 868 in
899 819 1073 870 ceteris
1101 820 1364 884 Poggianis
1390 829 1496 871 orta
1520 830 1607 871 est.
1663 819 1900 884 Integrio-
1952 867 1953 870 ,

227 919 303 952 res
340 901 698 968 supplementis
736 901 1032 952 Pisonianae
1065 904 1142 953 vel
1175 912 1344 952 carent
1372 905 1449 952 vel
1483 920 1565 953 eas
1595 902 1645 952 in
1681 901 1899 966 margine
1959 903 1961 907 ’

228 993 434 1048 ponunt,
475 983 782 1035 coniecturas
819 985 896 1034 vel
949 1001 1095 1049 super
1130 1002 1325 1034 versum
1362 986 1439 1035 vel
1481 984 1531 1034 in
1570 1001 1657 1034 ora
1696 985 1897 1045 habent,
1956 1051 1958 1053 Ι

227 1066 530 1129 corruptelas
600 1064 829 1129 pristinas
900 1064 950 1114 in
1021 1074 1255 1115 contextu
1326 1075 1537 1127 servant,
1595 1065 1899 1115 Matritensis
1956 1123 1958 1125 ,

228 1148 437 1197 mendas
471 1145 700 1196 minimas
734 1163 929 1196 summa
963 1148 1063 1197 fide
1088 1146 1229 1211 quasi
1259 1147 1564 1212 depingunt:
1603 1147 1900 1198 recentiores
1961 1134 1963 1139 .

229 1229 576 1292 supplementa
635 1236 684 1277 et
743 1227 1074 1278 correctiones
1134 1227 1185 1277 in
1244 1237 1532 1279 contextum
1591 1238 1897 1294 receperunt,
1952 1274 1976 1283 „

230 1310 425 1361 mendis
450 1319 631 1371 carent,
660 1309 782 1359 nihil
808 1309 925 1360 novi
950 1310 1044 1360 nisi
1069 1310 1379 1361 coniecturas
1408 1310 1740 1376 apertissimas
1766 1329 1900 1376 prae-
1974 1343 1977 1350 ·

229 1394 362 1443 bent.
438 1395 540 1442 Res
575 1393 704 1443 adeo
741 1391 1002 1442 manifesta
1037 1392 1158 1442 mihi
1183 1392 1376 1443 videtur
1412 1403 1466 1442 ut
1501 1393 1552 1442 in
1589 1395 1686 1444 hoc
1721 1411 1901 1459 genere
1958 1454 1960 1459 ,

229 1474 407 1525 morari
451 1475 722 1526 noluissem
765 1474 859 1524 nisi
897 1474 1055 1526 virum
1091 1475 1452 1537 doctissimum,
1493 1477 1549 1527 C.
1591 1475 1895 1537 Giarratan0‚

228 1558 393 1607 adhuc
452 1555 680 1606 dubitare
739 1555 987 1607 vidissem.
1086 1556 1222 1607 Dicit
1275 1557 1409 1608 enim
1470 1574 1644 1608 omnes
1700 1557 1899 1609 codices
1954 1563 1988 1624 '3

228 1646 477 1703 quotquot
501 1637 551 1686 in
582 1639 711 1687 hanc
743 1637 979 1688 familiam
1013 1639 1206 1699 cadant,
1235 1656 1263 1688 e
1288 1638 1469 1703 quibus
1495 1638 1638 1689 multi
1661 1638 1900 1704 incogniti

228 1722 305 1770 vel
342 1736 516 1784 parurn
559 1719 665 1769 noti
708 1718 819 1780 sint,
864 1721 1194 1771 conferendos
1237 1737 1358 1781 esse,
1398 1730 1514 1772 ante
1549 1738 1700 1785 quam
1743 1738 1830 1774 eos
1871 1739 1899 1771 e
1987 1732 1988 1740 ’

231 1801 511 1852 Matritensi
554 1800 751 1851 fluxisse
799 1809 1085 1853 statuamus.
1176 1802 1425 1867 Equidem
1475 1802 1752 1868 Poggianos
1799 1805 1900 1853 fere
1954 1799 1956 1803 ’

230 1901 404 1934 omnes
432 1901 513 1934 me
549 1883 819 1933 contulisse
844 1886 922 1934 vel
955 1883 1227 1950 inspexisse
1259 1886 1428 1946 fateor,
1468 1884 1607 1935 cuius
1644 1884 1713 1935 rei
1753 1895 1901 1936 antea

228 1984 311 2018 me
328 1966 645 2030 suppudebat
664 1974 718 2015 ut
737 1964 956 2030 ingratae
981 1975 1030 2017 et
1054 1966 1241 2016 inutilis
1262 1986 1272 2016 ε
1309 1984 1443 2017 nunc
1463 1984 1527 2017 ne
1542 1984 1641 2032 qua
1666 1967 1899 2032 cuiquam

231 2047 478 2098 dubitatio
503 2046 662 2097 subsit
687 2048 751 2098 de
776 2047 852 2097 his
877 2048 1089 2098 breviter
1107 2048 1285 2099 dicam.

300 2128 516 2180 Codices
540 2130 706 2179 adhuc
732 2128 838 2178 noti
864 2129 915 2178 hi
940 2139 1084 2179 sunt:

299 2209 358 2276 (i)
394 2211 477 2260 Ab
502 2210 775 2260 editoribus
803 2211 1207 2262 Berolinensibus
1233 2212 1412 2262 collati.
1489 2272 1491 2276 Ι

299 2311 331 2342 a
353 2314 405 2336 =
430 2294 642 2342 Florent.
671 2294 781 2343 Soc.
813 2294 1046 2344 Columb.
1075 2296 1129 2342 B.
1163 2308 1202 2355 7.

299 2375 327 2422 b
353 2394 405 2417 =
430 2376 573 2425 Laur.
603 2375 657 2422 L.
684 2388 727 2437 5.

298 2472 322 2504 c
349 2475 400 2498 =
427 2456 689 2505 Gothanus
715 2455 760 2504 ii.
797 2459 905 2504 118.

292 2554 332 2600 g
349 2558 399 2580 =
425 2537 839 2600 Guelferbytanus
866 2540 944 2586 88.
1968 2591 1969 2594 Ἴ

302 2620 378 2668 Ex
430 2617 506 2668 his
559 2620 671 2668 cod.
720 2621 748 2667 b
795 2617 992 2682 plurimi
1044 2617 1292 2669 faciebant
1338 2627 1394 2668 ut
1444 2622 1499 2668 ‘a
1545 2619 1794 2684 scripturis
1842 2638 1900 2670 ex
1951 2662 1962 2681 2,

234 2699 478 2758 Cicerone
503 2698 779 2749 substitutis
805 2699 1012 2750 omnino
1030 2716 1242 2752 vacuum
1259 2701 1283 2760 '‚
1311 2700 1422 2749 cod.
1441 2717 1472 2747 a
1492 2699 1898 2765 interpolatorum
1961 2700 1963 2702 ’

233 2798 413 2846 agmen
443 2782 642 2842 ducere,
667 2782 815 2831 codd.
841 2797 896 2843 cg
915 2779 1182 2831 deteriores
1207 2797 1315 2831 esse
1340 2779 1590 2831 dicebant.
1640 2782 1899 2837 Editione

291 2890 304 2913 ²
335 2890 536 2930 Codicem
568 2902 682 2930 anno
717 2891 821 2940 1418
850 2891 902 2929 ad
939 2890 984 2931 F.
1017 2889 1245 2930 Barbarum
1280 2889 1447 2930 misisse
1477 2890 1649 2930 videtur
1680 2891 1901 2944 (Classical
1962 2906 1964 2911 ·

238 2945 432 2996 Review‚
456 2944 484 2985 l.
499 2947 565 2995 c.).

1041 3030 1102 3061 XX
