1988 3334
717 67 1123 118 PRAEFATIO

94 216 363 273 decurtat0,
401 211 497 261 situ
538 219 689 275 atque
726 208 864 259 omni
900 207 1078 258 iniuria
1117 215 1399 270 temporum
1438 204 1681 263 foedatus,
1721 201 1768 250 ei

93 297 264 347 affixus
319 302 369 344 et
427 290 795 356 conglutinatus
855 298 972 349 erat,
1034 289 1172 352 quod
1232 283 1617 336 contubernium
1678 299 1767 346 pro

94 375 396 443 indignitatis
455 376 657 424 cumulo
716 373 1006 422 habendum
1067 379 1153 430 est,
1217 369 1495 420 Scholiasta
1561 365 1767 431 quidam

38 469 39 475 ’
93 458 251 526 quinti
284 460 384 509 fere
417 456 615 517 saeculi,
643 454 947 505 scholiorum
984 453 1035 502 in
1061 452 1293 502 Verrinas
1329 459 1516 510 auctor,
1537 449 1631 514 ⁴qui
1665 465 1765 497 non

38 552 40 580 ²
94 557 365 607 numquam
423 541 489 589 ad
560 539 804 588 ‘veteres’
863 538 941 586 vel
1010 534 1296 599 ‘antiquos'
1362 541 1613 598 provocat,
1682 530 1768 594 qui

38 686 40 690 .
94 632 322 688 corrupto
355 619 613 674 Ciceronis
639 619 815 670 codice
848 618 1092 677 utebatur,
1121 616 1224 682 qui,
1249 625 1304 665 ut
1339 613 1581 679 Madvigii
1606 612 1769 663 verbis

38 699 41 726 ζ’
96 715 213 767 utar,
259 708 391 754 ‘non
430 701 693 752 historicus
733 709 819 761 est,
863 701 952 750 sed
1000 698 1274 749 rhetoricus
1313 706 1362 747 et
1399 694 1766 761 grammaticus,

38 851 39 860 ἵ
93 788 144 840 in
168 804 346 838 vocum
366 784 824 848 sententiarumque
844 781 1189 832 facillimarum
1209 797 1371 830 rerum
1398 777 1768 828 notissimarum

38 894 39 898 ¹
95 858 398 926 enarratione
439 866 645 932 posituS‚
685 882 835 929 saepe
874 863 1088 929 puerilis,
1128 879 1348 913 errorum
1385 870 1435 911 et
1470 859 1769 925 ineptiarum

93 950 327 1019 plenuS.'¹
397 948 556 999 Simili
586 947 776 997 ratione
813 945 926 995 Itali
959 946 1159 995 saeculo
1194 959 1265 992 xv
1302 942 1531 993 solebant
1560 939 1771 990 Antonii

38 1043 39 1063 ³
97 1031 279 1084 Luschi
298 1041 348 1082 et
371 1029 617 1080 Xichonis
645 1027 911 1078 Polentoni
931 1025 1318 1078 commentarios
1339 1042 1454 1075 cum
1471 1023 1770 1075 Asconianis

38 1146 39 1157 κ
93 1113 306 1179 iungere.
380 1114 555 1165 Codex
597 1120 716 1173 erat,
758 1120 813 1160 ut
860 1109 1067 1170 videtur,
1119 1107 1304 1159 saeculi
1351 1106 1486 1167 noni,
1539 1105 1771 1157 foliorum

96 1210 209 1247 orae
240 1194 384 1246 certis
421 1194 472 1243 in
502 1193 624 1243 locis
654 1201 739 1242 aut
768 1193 967 1242 avulsae
992 1199 1131 1240 erant
1167 1199 1252 1240 aut
1281 1208 1312 1239 a
1347 1188 1493 1239 tineis
1524 1204 1768 1238 comesae.

38 1288 39 1294 ’
98 1278 140 1328 Ε
167 1278 456 1326 lacunarum
482 1274 673 1325 ratione
706 1273 894 1324 codicis
920 1272 1189 1337 imaginem
1223 1279 1591 1337 repraesentare
1621 1268 1773 1319 subti-

37 1345 40 1375 ²
95 1347 278 1410 lissime
336 1367 579 1408 conantur
633 1356 848 1407 editores
900 1354 1262 1414 Berolinenses,
1314 1353 1400 1418 qui
1454 1355 1468 1379 ‘
1484 1351 1774 1402 Asconiana

38 1450 39 1457 ’
96 1457 221 1507 quae
262 1439 508 1504 supersint
550 1438 779 1489 codicem
817 1436 1100 1488 exhibuisse
1142 1435 1471 1501 quadraginta
1505 1436 1606 1485 fere
1642 1432 1771 1484 foliis

97 1523 377 1590 perscripta,
440 1522 657 1587 singulas
717 1521 921 1586 paginas
976 1519 1278 1570 tricenorum
1328 1535 1640 1570 novenorum
1694 1518 1772 1567 vel

99 1607 526 1672 quadragenorum
551 1621 783 1655 versuum
817 1603 982 1664 fuisse,
1015 1602 1286 1652 litterarum
1313 1601 1364 1650 in
1395 1599 1600 1665 singulis
1630 1597 1775 1650 versi-

91 1688 189 1740 -bus
236 1704 499 1738 numerum
553 1688 820 1737 fluctuasse
867 1685 995 1735 inter
1042 1684 1252 1734 tricenas
1307 1693 1356 1734 et
1403 1682 1775 1748 quadragenas’

37 1777 40 1837 ξ
98 1779 332 1834 statuunt,

166 1857 405 1906 Inventus
461 1864 535 1905 est
590 1854 672 1904 hic
728 1855 888 1904 codex
945 1866 1118 1903 mense
1155 1851 1306 1901 ‚Iulio
1354 1840 1488 1900 anno
1543 1852 1670 1911 1416
1704 1847 1774 1897 ‘in

50 1986 54 1990 .
100 1937 397 1989 monasterio
431 1935 738 2002 Sangallensi
768 1954 798 1986 a
827 1935 1016 2000 Poggio
1047 1944 1096 1985 et
1123 1934 1298 1984 amicis
1328 1933 1433 1983 eius
1459 1932 1546 1997 qui
1575 1930 1775 1982 concilii

38 2083 39 2090 ἵ
101 2020 495 2074 Constantiensis
555 2019 873 2070 occasionem
932 2017 1066 2068 nacti
1124 2017 1277 2067 libros
1330 2034 1358 2066 e
1407 2018 1773 2066 Germanorum

38 2108 40 2140 ἶ
100 2102 351 2168 ergastulis
376 2101 713 2152 vindicabant.
790 2100 959 2150 Huius
985 2099 1054 2150 rei
1079 2099 1217 2149 testis
1243 2098 1430 2163 primus
1456 2097 1774 2148 inducendus

100 2194 174 2236 est
216 2184 419 2237 Cincius
460 2187 738 2246 Romanus,
777 2182 863 2247 qui
911 2183 963 2232 in
1011 2181 1183 2232 litteris
1231 2182 1297 2231 ad
1347 2179 1667 2229 Franciscum
1712 2180 1776 2228 de

38 2271 40 2299 2
102 2266 253 2317 Fiana
288 2267 415 2318 datis
452 2266 520 2317 ita
555 2265 774 2331 loquitur
794 2267 836 2315 :2

174 2351 295 2399 Cum
337 2349 414 2398 lzis
441 2349 699 2412 proximis
734 2348 896 2397 diebus
930 2364 991 2396 ex
1025 2347 1273 2410 composito
1293 2345 1444 2408 fama
1481 2345 1778 2393 bibliothecae

101 2433 260 2481 allecti
295 2448 394 2480 una
432 2448 537 2480 cum
579 2431 759 2494 Poggio
794 2437 947 2493 'atque
987 2431 1331 2479 Bartolomaeo
1371 2428 1780 2490 Montepolitiano

40 2580 41 2584 Ἰ
98 2514 172 2562 'ad
215 2515 439 2578 oppidum
489 2515 540 2564 S.
601 2514 748 2564 Galli
790 2513 1147 2572 devenissemus,
1200 2511 1523 2560 bibliothecam
1577 2509 1786 2573 ingressi

39 2626 41 2652 r
103 2595 294 2645 Iasonis
316 2596 680 2660 Argonauticon
709 2612 741 2643 a
769 2596 825 2645 C.
867 2595 1055 2644 Valerio
1083 2594 1250 2642 Flacco
1277 2593 1456 2642 editum
1485 2591 1781 2641 carminibus

38 2740 41 2756 ¹
103 2677 350 2728 luculentis
385 2685 526 2741 atque
554 2676 789 2741 gravibus
817 2693 849 2725 a
882 2676 1127 2726 maiestate
1163 2675 1356 2724 metrica
1390 2675 1583 2724 minime
1611 2674 1780 2723 ablior-

48 2797 51 2802 .
107 2760 317 2821 rentibus
371 2760 642 2810 invenimus
661 2778 680 2809 .·
745 2759 911 2809 deinde
966 2760 1272 2823 Argumenta
1330 2759 1567 2821 quaedam
1626 2758 1784 2805 soluta

39 2836 41 2849 ⁴
269 2868 283 2892 ¹
314 2869 369 2910 ib.
392 2882 435 2920 p.
457 2883 524 2922 90.

228 2984 230 2986 .
269 2923 285 2946 ²
313 2924 510 2976 Querini,
531 2924 584 2964 ad
605 2923 814 2975 epistulas
836 2923 880 2964 F.
904 2922 1080 2964 Barbari
1104 2922 1311 2975 Diatriba,
1337 2935 1407 2974 pp.
1431 2922 1590 2962 viii-ix.

922 3009 969 3042 >n
