1988 3334
625 125 701 174 IN
740 123 1272 174 CORNELIANAM
1720 134 1778 184 75

97 323 100 327 ,
146 306 156 318 .
186 269 243 319 C.
271 267 577 316 ferebatur
609 264 978 331 repudiabat,
1014 263 1198 328 idque
1232 262 1375 325 iure,
1408 269 1468 312 ut
1504 260 1668 311 docti
1702 277 1785 310 su-

46 337 70 407 }³3
110 366 234 400 mus
261 350 513 399 duorum
538 349 853 398 consulum
879 346 1330 410 designatorum
1356 343 1769 394 calamitate-—

177 439 226 481 et
251 431 428 480 eadem
453 431 518 481 de
542 446 594 481 re
618 431 768 503 paulo
792 437 936 493 post:

46 515 56 580 '⁶
94 555 99 570 „
178 515 255 562 Vt
297 513 710 577 spectaculum
746 510 898 561 illud
940 527 1000 560 re
1037 518 1093 560 et
1130 518 1398 573 ternpore
1440 508 1680 557 salubre
1721 523 1786 556 ac

111 593 531 654 necessarium,
566 609 781 658 genere
816 599 871 642 et
902 579 1176 657 e⁰xemplo
1213 590 1490 641 miserum
1525 605 1592 639 ac
1628 591 1819 647 fune-A

46 763 69 830 ll:
117 806 121 812 ,
181 762 234 809 Ρ.
277 760 460 809 Sullam
505 767 554 809 et
595 761 654 808 P.
691 757 993 808 Autronium
1030 756 1288 822 significat,
1324 771 1538 820 quorum
1579 756 1788 804 alterum

46 834 71 913 il
94 879 96 883 ,
114 844 168 892 L.
187 842 354 902 Cotta,
377 842 585 891 alterum
607 843 662 890 L.
682 843 981 905 Torquatus,
1004 839 1090 904 qui
1114 856 1230 889 cum
1249 840 1375 888 haec
1391 837 1569 889 Cicero
1591 835 1790 886 dicebat

45 909 72 991 gi
114 939 238 974 coss.
250 932 402 983 erant,
415 922 632 972 ambitus
648 924 943 973 damnarant
960 931 1009 972 et
1024 921 1076 971 in
1093 937 1268 971 eorum
1281 922 1449 970 locum
1467 918 1618 969 creati
1634 927 1788 968 erant.

112 1022 142 1043 -‘
183 1004 341 1068 Quid
367 1021 472 1068 ego
497 1021 652 1054 nunc
672 1004 785 1055 tibi
809 1002 1176 1069 argumentis
1196 1002 1590 1066 respondeam
1615 1016 1792 1065 posse

107 1087 251 1158 'fieri
276 1098 337 1139 ut
361 1088 514 1139 alius
539 1086 761 1151 aliquis
787 1085 1108 1138 Cornelius
1134 1084 1209 1134 sit
1234 1083 1335 1149 qui
1358 1083 1576 1133 habeat
1602 1081 1791 1132 Phile-

45 1415 47 1438 *
97 1439 99 1443 ¹
187 1420 490 1482 Frequenter
518 1426 624 1466 tum
658 1415 807 1466 etiam
838 1423 1010 1465 coetus
1039 1413 1360 1463 factiosorum
1392 1411 1655 1462 hominum
1689 1409 1796 1460 sine

46 1487 48 1546 ἶ
117 1499 317 1566 publica
362 1498 654 1549 auctoritate
701 1499 834 1548 malo
881 1496 1086 1560 publico
1133 1495 1350 1545 fiebant:
1409 1502 1611 1559 propter
1657 1494 1795 1557 quod

53 1593 56 1622 ἐ
118 1590 291 1647 postea
327 1580 535 1644 collegia
576 1589 625 1630 et
667 1581 713 1629 S.
754 1580 812 1630 C.
852 1587 901 1628 et
942 1577 1166 1642 pluribus
1208 1576 1401 1640 legibus
1443 1584 1559 1625 sunt
1602 1575 1797 1624 sublata

54 1691 56 1703 .
117 1673 309 1730 praeter
331 1679 492 1728 pauca
514 1671 665 1726 atque
690 1669 822 1711 certa
847 1677 975 1725 quae
1001 1659 1185 1709 utilitas
1216 1657 1424 1708 civitatis
1450 1657 1794 1716 desiderasset,

119 1746 246 1796 sicut
269 1745 522 1795 fabrorum
548 1745 892 1808 fictorumque.

189 1832 263 1878 At
299 1827 454 1878 enim
497 1824 745 1876 extremi
780 1842 839 1874 ac
875 1822 1234 1874 difficillimi
1269 1820 1551 1886 temporis
1590 1837 1793 1871 vocem

46 1924 56 1982 {3
122 1911 297 1971 illam,
345 1911 400 1962 C.
442 1907 701 1968 Corneli,
741 1908 1048 1958 consulem
1087 1905 1322 1956 mittere
1359 1903 1646 1969 coegisti:
1696 1903 1797 1968 qui

46 2011 57 2069 τί
110 2000 324 2057 remp.
365 1993 583 2042 salvam
626 2006 756 2040 esse
790 1991 1028 2049 vellent,
1068 1998 1129 2038 ut
1165 1990 1238 2038 ad
1280 1990 1468 2052 legem
1505 1985 1798 2050 accipien-

46 2054 80 2176 {i'
123 2078 255 2126 dam
290 2077 588 2126 adessent.
1417 2058 1419 2060 ¹

46 2182 59 2225 ς,
104 2166 107 2169 ’
191 2159 246 2209 C.
277 2157 392 2207 Piso
430 2156 517 2220 qui
553 2158 728 2206 consul
765 2157 944 2205 eodem
980 2171 1114 2204 anno
1150 2153 1242 2203 fuit
1284 2169 1386 2217 quo
1424 2150 1686 2203 Cornelius
1723 2149 1801 2199 tri-

46 2243 80 2304 ιζ,
107 2239 287 2290 hunus
312 2237 472 2304 plebis
497 2247 613 2299 erat,
641 2254 756 2287 cum
781 2238 941 2301 legem
967 2237 1031 2287 de
1055 2235 1248 2286 ambitu
1273 2252 1333 2285 ex
1365 2236 1411 2285 S.
1441 2235 1497 2285 C.
1525 2233 1798 2299 graviorem

45 2293 81 2459 1ιῖ
104 2340 274 2388 quam
299 2324 456 2372 fuerat
484 2329 631 2371 antea
654 2322 799 2370 ferret
828 2329 877 2369 et
906 2328 1107 2384 propter
1130 2318 1502 2368 multitudinem
1527 2316 1799 2367 divisorum

46 2457 82 2546 l}

118 2405 210 2471 squi
234 2422 322 2471 per
344 2404 444 2454 vim
477 2403 865 2454 adversabantur
897 2419 924 2452 e
959 2404 1068 2451 foro
1101 2400 1287 2451 eiectus
1326 2409 1467 2462 esset,
1497 2399 1715 2450 edixerat
1748 2399 1799 2448 id

114 2543 117 2547 ’
187 2549 205 2576 1
238 2536 328 2576 iure
362 2542 408 2576 ut
435 2533 637 2586 Madvig:
671 2533 827 2573 urebus
853 2532 967 2572 PM:
999 2534 1037 2572 &
1058 2531 1185 2571 rebus
1207 2529 1244 2571 S
1261 2546 1270 2571 :
1301 2531 1367 2570 uir
1387 2531 1422 2570 is
1444 2546 1472 2570 π
1490 2531 1534 2570 in
1557 2543 1642 2582 mg.
1668 2544 1677 2569 ε
1694 2529 1797 2580 sort.

54 2547 60 2639 i
79 2635 81 2640 .
117 2604 155 2632 ⁴e
174 2604 222 2631 re
243 2603 284 2642 p.
304 2596 350 2630 ut
499 2589 768 2629 doctissimus
788 2591 833 2638 Σ,
857 2600 958 2627 corr.
987 2586 1165 2638 Madvig
1414 2598 1440 2636 4
1470 2585 1596 2637 illud]
1619 2585 1799 2624 duorum

48 2640 58 2695 {¹
127 2646 449 2697 designatorum
471 2644 691 2684 consulum
711 2642 965 2683 calamitatis
986 2641 1083 2682 add.
1097 2645 1139 2692 Σ,
1164 2640 1239 2681 del.
1259 2639 1438 2691 Madvig
1582 2650 1608 2689 5
1637 2644 1679 2679 et
1700 2639 1797 2679 add.

55 2675 60 2834 Ι
81 2719 83 2727 ¹
114 2700 356 2741 'Manutius
487 2712 508 2749 7
541 2699 588 2738 P.
612 2698 709 2738 add.
732 2697 958 2737 Manutius
1076 2695 1331 2735 Autronium
1352 2694 1454 2734 SP:
1483 2694 1714 2735 Atronium
1736 2692 1797 2744 M,

131 2769 233 2796 corr.
255 2755 480 2795 Manutius
627 2766 670 2793 11
703 2753 834 2803 aliqui
856 2750 892 2791 S
1035 2765 1082 2790 12
1112 2761 1285 2791 servum
1304 2748 1509 2802 Madvig:
1539 2762 1609 2789 res
1629 2752 1659 2790 Σ
1681 2764 1690 2789 :
1719 2748 1803 2788 scis

48 2853 50 2870 Ι
109 2851 111 2855 ⁴
135 2809 367 2851 Gronovius
565 2820 614 2858 13
643 2806 869 2848 Cornelius
890 2809 934 2858 Σ,
959 2819 1059 2845 corr.
1082 2805 1143 2845 ed.
1167 2805 1268 2844 Ald.
1479 2816 1527 2855 15
1558 2805 1803 2854 frequentes

109 2906 111 2911 ,
132 2863 318 2917 Poggius
498 2876 544 2914 17
576 2870 618 2903 et
642 2863 686 2902 S.
709 2863 757 2902 C.
782 2860 886 2901 KS:
917 2875 941 2901 a
963 2861 1007 2900 S.
1032 2861 1080 2900 C.
1101 2859 1209 2902 SM:
1242 2860 1287 2900 S.
1311 2859 1359 2899 C.
1383 2858 1425 2898 P
1616 2872 1665 2908 19
1691 2859 1803 2898 sicut

134 2919 300 2972 sm'pSi:
321 2919 439 2970 quasi
453 2924 499 2958 ut
513 2922 543 2959 Σ
564 2933 573 2958 z
594 2917 734 2968 qualia
748 2923 848 2957 sunt
863 2916 1100 2955 Mommsen
1197 2915 1478 2965 fictorumque
1493 2913 1720 2953 Manutius
1733 2912 1800 2963 (cf

84 2973 90 3022 “,
135 2971 245 3016 Ptin.
264 2974 318 3013 N.
338 2973 396 3014 H.
417 2986 545 3012 xxxv,
571 2973 666 3023 159)
689 2987 698 3012 :
728 2973 1009 3020 lictorumque
1031 2977 1061 3010 Σ
1080 2985 1089 3010 :
1119 2970 1412 3020 liticinumque
1433 2967 1672 3007 Mommsen
1750 2981 1798 3007 21

137 3027 339 3070 Cornelio
354 3032 397 3083 Σ,
414 3041 515 3070 corr.
533 3025 760 3069 Manutius
844 3039 896 3065 22
913 3038 999 3065 rem
1015 3038 1055 3076 p.
1071 3025 1130 3065 ed.
1147 3024 1249 3064 Ald.
1268 3039 1277 3064 z
1298 3036 1386 3065 rem
1402 3027 1432 3064 Σ
1491 3022 1650 3076 legem]
1670 3035 1756 3062 rem
1767 3022 1803 3061 S

46 2715 51 2843 l

41 2875 51 3019 l

47 3035 52 3156 i

48 3186 52 3228 l
