1988 3334
849 90 1256 143 PRAEFATIO

215 225 463 278 servatum
487 226 642 291 (num.
671 227 727 277 C.
759 228 820 274 28
845 242 887 275 a.
922 225 1022 292 12),
1045 227 1184 290 quod
1215 227 1581 291 typothetarum
1606 227 1717 276 usui
1741 221 1887 278 desti-

217 319 390 360 natum
416 308 566 358 fuisse
592 307 911 357 manifestum
937 316 1024 358 est.

287 390 481 441 Gratias
545 406 640 454 ago
703 389 940 453 plurimas
1003 389 1108 440 viro
1179 389 1555 450 humanissimo,
1621 393 1662 439 F
1663 391 1886 442 rancisco

217 474 447 532 Skutsch,
497 471 601 535 qui,
644 488 759 520 cum
819 470 935 520 huic
995 473 1134 535 operi
1192 488 1474 536 supremam
1530 471 1629 521 iam
1681 489 1884 522 manum

218 555 544 617 imponerem,
588 569 728 601 suam
769 552 1078 602 Matritensis
1120 553 1439 603 collationem
1472 570 1588 603 cum
1629 571 1741 604 mea
1773 571 1890 604 con·
1962 563 1964 573 ’

219 636 474 685 ferendam
545 632 896 694 commodavit,
970 636 1108 697 quod
1180 634 1557 684 benevolentiae
1633 635 1889 700 singularis
1962 622 1965 676 ἓ

220 724 603 765 monumentum
629 714 826 764 iudico:
870 714 1131 764 Ludovico
1156 715 1305 765 etiam
1340 718 1530 775 Purser,
1557 716 1722 767 amico
1755 735 1885 779 meo,
1963 711 1965 754 ἶ

221 796 306 860 qui
348 796 658 846 coniecturas
699 812 803 845 non
853 797 1012 844 nullas
1061 812 1091 844 a
1144 813 1226 845 me
1272 798 1426 846 factas
1465 797 1732 861 castigavit,
1771 799 1891 849 alias
1963 780 1965 824 ἶ

221 893 344 941 quas
369 876 475 941 ipse
499 879 682 927 fecerat
707 892 905 927 mecum
930 876 1271 927 liberalissime
1296 877 1695 928 communicavit.

1558 981 1619 1028 A.
1661 981 1721 1031 C.
1759 981 1815 1030 C.

340 1044 582 1085 scribebam
605 1044 773 1095 Oxom'i,

251 1112 396 1154 Mense
411 1113 640 1153 Novembri
654 1125 869 1155 Moccccvr

291 1322 604 1372 Praefatione
640 1324 734 1372 hac
770 1322 898 1386 typis
938 1322 1037 1371 iam
1077 1322 1315 1386 impressa
1353 1321 1754 1372 dissertationem
1793 1322 1895 1373 vidi
1965 1328 1967 1357 ²

226 1406 318 1455 ‘de
357 1404 499 1454 Statii
541 1404 784 1454 Silvarum
833 1403 938 1454 Silii
982 1403 1144 1453 Italici
1191 1403 1372 1468 scripta
1420 1403 1659 1454 memoria
1675 1407 1701 1465 ἶ,
1743 1421 1893 1468 quarn

226 1488 278 1535 P.
329 1485 622 1535 Thielscher
675 1484 791 1534 iuris
850 1484 1039 1548 publici
1098 1483 1380 1548 nuperrime
1439 1484 1555 1544 fecit
1610 1483 1896 1549 (Tubingae

231 1566 410 1632 1906):
447 1583 599 1630 quem
632 1566 683 1614 in
718 1582 777 1614 ea
812 1565 897 1614 lite
934 1581 1063 1629 quae
1097 1566 1162 1615 de
1199 1564 1342 1615 Silvis
1379 1574 1547 1615 exorta
1590 1575 1664 1615 est
1698 1582 1895 1615 mecum
1952 1596 1961 1607 η

227 1651 387 1698 facere
405 1649 727 1698 vehementer
751 1648 960 1710 gaudeo,

296 1820 593 1884 Nuperrime
624 1821 680 1870 C.
727 1818 1034 1878 Giarratano,
1075 1834 1226 1881 quem
1259 1818 1462 1868 honoris
1495 1835 1644 1869 causa
1673 1817 1921 1878 nomino,

228 1901 475 1951 libellum¹
508 1902 572 1951 de
605 1901 754 1950 codd.
793 1898 1090 1949 Florentinis
1128 1915 1158 1948 a
1196 1915 1249 1948 se
1286 1898 1478 1948 collatis
1507 1900 1572 1949 ad
1610 1916 1692 1949 me
1729 1899 1900 1949 libera-

229 1982 414 2032 lissime
456 1981 617 2031 misit:
655 1979 954 2030 beneficium
994 1996 1110 2028 mox
1147 1979 1416 2029 cumulavit
1456 1982 1608 2030 altera
1649 1981 1713 2030 de
1749 1981 1915 2046 codd.-

233 2064 322 2114 SP
344 2062 705 2127 disputatione²
740 2061 997 2121 mittenda,
1025 2077 1153 2125 quae
1183 2060 1287 2110 heri
1321 2070 1514 2111 tantum
1545 2062 1612 2111 ad
1641 2078 1721 2110 me
1753 2062 1925 2111 allata

232 2154 318 2194 est.
382 2146 585 2194 Errores
611 2144 818 2192 eosdem
843 2144 960 2203 fere,
985 2158 1112 2205 quos
1138 2158 1230 2206 ego
1255 2159 1283 2193 e
1308 2141 1574 2192 collatione
1600 2159 1724 2201 mea,
1752 2158 1782 2191 a
1805 2143 1905 2191 KS
1956 2109 1963 2214 i

232 2226 282 2274 in
301 2226 448 2275 codd.
478 2224 590 2274 SM
605 2222 901 2273 lectionibus
921 2222 1189 2273 referendis
1205 2224 1362 2272 factos
1380 2222 1576 2286 corrigit
1599 2241 1609 2271 :
1646 2222 1901 2272 subtiliora
1957 2218 1961 2259 ⁴2

233 2307 479 2370 quaedam
511 2304 664 2364 addit,
693 2320 821 2367 quae
845 2303 896 2352 in
921 2303 1105 2353 notulis
1135 2303 1258 2353 meis
1290 2303 1542 2353 brevitatis
1577 2320 1726 2353 causa
1758 2303 1903 2353 omis-

233 2404 380 2436 eram.
456 2388 517 2435 In
559 2402 738 2449 magna
776 2384 1017 2433 variarum
1065 2384 1335 2434 lectionum
1382 2384 1638 2448 farragine,
1677 2401 1828 2448 quam
1874 2401 1902 2434 e
1957 2393 1962 2456 ξ

233 2469 380 2518 codd.
421 2465 718 2516 Florentinis
759 2464 1037 2516 admirabili
1075 2464 1329 2528 diligentia
1375 2465 1705 2524 concinnavit,
1750 2481 1904 2518 corre·

235 2548 425 2598 ctiones
467 2548 726 2610 plerasque
767 2562 984 2610 agnosco
1026 2562 1148 2609 quas
1196 2545 1319 2609 siglo
1359 2567 1392 2604 ς
1432 2547 1724 2609 complexus
1761 2562 1872 2595 sum
1893 2565 1920 2594 ε·
1958 2539 1969 2617 ξ,

235 2629 483 2678 accedunt
500 2627 639 2687 aliae,
666 2626 951 2692 praesertim
976 2643 1036 2676 ex
1070 2628 1212 2675 Laur.
1235 2625 1318 2675 liii.
1352 2641 1407 2689 15
1435 2635 1484 2675 et
1508 2626 1761 2676 Ashburn.
1790 2643 1815 2674 2
1823 2640 1848 2689 5
1856 2639 1920 2689 5‚·
1958 2628 1969 2703 3³

293 2770 308 2793 ¹
340 2770 357 2809 1
379 2769 513 2809 codici
535 2768 769 2808 Fiorentini
791 2768 832 2807 di
851 2767 1040 2807 Asconio
1071 2767 1275 2808 Pediano.
1337 2767 1515 2807 Firenze
1535 2767 1755 2819 (Bencini)
1782 2769 1899 2819 1906.

293 2823 309 2846 ²
340 2824 436 2863 Due
464 2822 602 2863 codici
629 2822 672 2862 di
692 2822 886 2862 Asconio
906 2821 1109 2872 Pediano,
1133 2821 1162 2860 il
1183 2821 1216 2861 F
1219 2822 1536 2872 orteguerriano
1556 2835 1580 2862 e
1601 2822 1630 2861 il
1653 2822 1899 2862 Madrileno.

246 2879 348 2930 1906
369 2877 513 2931 (studi
535 2876 699 2917 Italiani
719 2876 805 2916 xiv.
835 2874 1052 2926 195-205).

1003 2942 1145 2993 xxxiv
