1988 3334
227 129 285 170 22
882 117 1228 189 ASCONIVS
1272 114 1277 118 ”

926 314 1188 363 IBIDEM

223 420 230 427 ’
288 417 380 484 (3.)
417 418 506 466 Ab
549 418 757 466 eodem
806 415 983 466 etiam
1031 417 1158 480 lege
1199 413 1377 464 Varia
1423 421 1624 463 custos
1666 413 1768 464 ille
1808 431 1866 466 re
1927 420 1930 428 '

220 499 501 565 publicae
536 497 898 563 proditionis
937 506 1027 548 est
1065 497 1123 547 in
1154 496 1378 547 crimen
1419 504 1686 546 vocatus:
1727 502 1867 548 vexa

221 591 313 631 tus
348 598 378 631 a
415 583 477 644 Q.
517 581 696 631 Vario
732 580 975 630 tribuno
1010 579 1204 645 plebis
1240 588 1342 629 est.

289 665 408 713 Non
434 664 592 712 multo
616 671 746 723 ante,
775 661 953 712 Italico
977 661 1111 712 bello
1136 669 1319 722 exort0,
1347 677 1461 710 cum
1488 661 1555 709 ob
1580 659 1726 710 sociis
1750 676 1861 726 neg
1958 723 1959 738 χ

219 754 321 794 tam
361 744 611 794 civitatem
649 742 882 794 nobilitas
923 743 976 792 in
1017 741 1204 793 invidia
1244 751 1387 803 esset,
1427 743 1490 805 Q.
1517 741 1696 792 Varius
1731 752 1787 792 tr.
1825 760 1858 808 p
1882 747 1887 752 ’
1933 728 1936 736 “

219 829 380 891 legem
405 826 516 876 tulit
540 835 595 876 ut
619 834 935 890 quaereretur
952 826 1017 875 de
1040 824 1099 875 iis
1118 841 1331 889 quorum
1356 840 1452 889 ope
1477 825 1748 875 consiliove
1773 841 1875 876 soc·

221 917 393 958 contra
407 909 650 973 populum
661 910 950 958 Romanum
964 924 1102 958 arma
1117 906 1455 972 sumpsissent.
1488 909 1620 957 Tum
1631 909 1692 971 Q.
1705 908 1893 973 Caepi¹

221 1000 362 1041 vetus
418 989 647 1041 inimicus
704 989 875 1040 Scauri
930 1006 1132 1055 sperans
1184 1006 1237 1039 se
1283 988 1531 1040 invenisse
1578 990 1840 1041 occasione
1872 1016 1877 1036 i

223 1071 539 1138 opprimendi
563 1071 668 1122 eius
691 1073 789 1136 egit
806 1080 862 1122 ut
888 1073 950 1135 Q.
977 1070 1156 1121 Varius
1191 1070 1418 1121 tribunus
1451 1070 1610 1135 plebis
1639 1071 1757 1122 belli
1780 1089 1842 1123 co
1874 1111 1876 1113 >

130 1165 201 1204 20
225 1153 361 1204 citati
391 1152 596 1203 crimine
620 1154 796 1204 adesse
824 1154 960 1218 apud
990 1170 1043 1203 se
1073 1154 1312 1203 Scaurum
1342 1152 1534 1204 iuberet
1561 1170 1695 1204 anno
1729 1169 1882 1204 Lxxh

225 1238 318 1285 Ille
342 1252 429 1299 per
452 1234 690 1285 viatorem
722 1234 996 1295 arcessituS,
1025 1251 1140 1284 cum
1173 1233 1272 1284 iam
1297 1251 1356 1285 ex
1390 1235 1565 1285 morbo
1590 1237 1719 1286 male
1743 1237 1883 1286 solv
1957 1233 1960 1265 ί

223 1325 366 1378 retur,
411 1315 817 1366 dissuadentibus
863 1314 1035 1365 amicis
1083 1332 1147 1365 ne
1195 1332 1248 1365 se
1294 1315 1345 1364 in
1393 1315 1476 1366 illa
1522 1316 1805 1368 valetudine
1854 1340 1885 1375 ἢ
1958 1311 1959 1317 ’

221 1407 384 1449 aetate
403 1397 618 1448 invidiae
637 1397 810 1462 populi
829 1397 1061 1458 obiceret,
1081 1396 1276 1447 innixus
1297 1397 1616 1448 nobilissimis
1633 1398 1878 1450 iuvenibu
1930 1399 1932 1402 ’

222 1479 460 1546 processit
486 1479 536 1528 in
562 1481 741 1541 forum,
765 1478 950 1530 deinde
982 1488 1189 1544 accepto
1225 1473 1561 1544 respondendi
1594 1482 1707 1531 loco
1743 1481 1864 1532 dixit
1892 1522 1894 1525 .
1933 1516 1937 1519 ,

226 1564 316 1626 ‘Q.
344 1561 522 1611 Varius
549 1560 808 1626 Hispanus
836 1563 906 1610 M.
936 1562 1175 1611 Scaurum
1201 1560 1474 1626 principem
1508 1572 1707 1612 senatus
1734 1562 1883 1613 soci·
1957 1570 1961 1589 ’

222 1644 273 1693 in
298 1659 434 1693 arma
457 1642 526 1692 ait
550 1659 852 1693 convocasse
871 1661 883 1704 3
922 1645 993 1693 M.
1014 1645 1225 1693 Scaurus
1246 1642 1478 1708 princeps
1504 1652 1887 1710 senatus-negat,
1930 1683 1934 1715 η,

223 1724 361 1776 testis
386 1741 536 1775 nemo
561 1733 635 1774 est
654 1743 668 1790 ,³
705 1724 799 1774 utri
824 1741 926 1786 VOS,
947 1723 1178 1788 QuiriteS,
1198 1724 1432 1775 convenit
1457 1727 1657 1777 credere
1674 1728 1721 1776 ?'
1782 1728 1864 1790 Qu
1882 1783 1890 1788 ,
1930 1723 1935 1771 ἐ

224 1824 348 1859 voce
373 1807 441 1858 ita
474 1806 699 1857 omnium
734 1806 1059 1857 commutavit
1090 1805 1283 1857 animos
1317 1815 1371 1857 ut
1402 1809 1467 1858 ab
1504 1806 1613 1873 ipso
1645 1807 1795 1859 etiam
1819 1796 1886 1860 tri'
1930 1812 1931 1817 ’

225 1891 363 1940 buno
388 1888 730 1940 dimitteretur.

294 1971 430 2022 Dicit
454 1971 631 2021 iterum
657 1971 721 2021 de
744 1978 883 2035 patre
910 1973 980 2020 M.
1010 1971 1208 2022 Scauri:

293 2053 387 2122 (4.)
423 2055 556 2104 Non
593 2052 745 2104 enim
788 2062 1017 2103 tantum
1053 2052 1382 2104 admiratus
1425 2071 1548 2104 sum
1585 2071 1691 2119 ego
1733 2054 1833 2104 illu
1873 2080 1880 2099 ι

226 2136 428 2197 virum,
447 2135 600 2186 sicut
619 2152 840 2198 omneS,
860 2136 963 2186 sed
983 2135 1162 2185 etiam
1184 2135 1504 2201 praecipue
1529 2135 1721 2186 dilexi.
1759 2203 1763 2206 .
1785 2138 1854 2186 Pr
1878 2151 1881 2194 j

228 2234 351 2268 mus
399 2217 554 2268 enim
602 2234 690 2267 me
740 2218 1094 2282 flagrantem
1143 2216 1344 2268 studio
1391 2217 1585 2268 laudis
1633 2217 1690 2268 in
1739 2235 1838 2283 spe
1874 2245 1881 2262 ·

229 2299 464 2365 impulit
499 2315 675 2364 posse
722 2298 945 2349 virtute
984 2298 1072 2349 me'
1108 2298 1238 2349 sine
1279 2298 1583 2364 praesidio
1624 2301 1885 2351 fortuna

229 2399 338 2448 quo
362 2380 815 2432 contendissem
840 2381 1046 2433 labore
1071 2390 1127 2432 et
1151 2380 1493 2432 constantia
1517 2381 1836 2447 pervenire.

283 2523 309 2550 2
339 2516 480 2551 castos
500 2514 543 2562 Σ,
567 2524 667 2551 corr.
693 2510 745 2560 ς’,
766 2510 827 2552 ed.
850 2510 964 2551 Iunt.
1049 2510 1132 2562 r‘lip
1154 2513 1197 2562 Σ,
1221 2523 1320 2552 corr.
1341 2508 1401 2550 ed.
1423 2510 1537 2551 Iunt.
1662 2523 1688 2562 3
1715 2516 1844 2552 vexat

228 2579 314 2606 om.
338 2564 378 2605 S
541 2576 566 2615 5
597 2577 685 2605 non
720 2565 851 2605 multo
884 2565 1011 2617 (—tum
1033 2564 1091 2617 S)
1118 2571 1246 2605 antea
1274 2564 1459 2605 Asconio
1491 2564 1664 2606 reddidit
1689 2565 1848 2607 Patn'ci
1870 2584 1883 2599 ¹—
1956 2584 1958 2594 ’ν

229 2621 282 2661 ab
303 2623 351 2672 Σ,
372 2633 473 2660 corr.
496 2618 685 2672 Poggius
811 2622 839 2660 6
867 2619 911 2659 in
931 2633 1013 2661 om.
1037 2618 1075 2659 S
1200 2633 1227 2670 9
1255 2631 1303 2659 se
1323 2619 1540 2660 inuenisse
1559 2632 1608 2660 se
1627 2621 1868 2671 questione
1930 2629 1933 2634 '

229 2674 267 2714 S
283 2689 292 2714 ε
317 2674 535 2714 inuenisse
555 2686 602 2713 se
629 2674 695 2726 (se
718 2687 767 2714 se
787 2673 861 2727 M)
883 2674 1179 2725 quaestionem
1199 2673 1302 2727 ΡΜ,
1315 2687 1414 2716 corr.
1428 2672 1676 2714 Manutius:
1707 2687 1754 2714 se
1778 2676 1878 2716 inv
1931 2672 1935 2697 ³
1956 2724 1957 2727 Ἴ

230 2730 348 2769 nisse
389 2734 655 2778 sequestrem
687 2727 770 2768 ΚΞ
787 2743 796 2768 z
833 2729 938 2779 sort.
980 2741 1028 2769 se
1068 2728 1282 2768 invenisse
1320 2741 1373 2768 ea
1406 2730 1655 2779 quaestione
1689 2731 1854 2770 ratione
1868 2751 1884 2778 3
1930 2735 1935 2743 '
1955 2735 1958 2776 ἱ

236 2796 288 2823 10
316 2783 405 2833 egit
421 2795 505 2822 om.
530 2781 638 2831 51³¹,
654 2782 786 2835 suppl.
806 2781 1008 2836 Poggiu3‚
1027 2780 1080 2821 M
1218 2783 1373 2834 uapius
1387 2781 1495 2834 51³¹,
1516 2797 1618 2824 corr.
1637 2782 1834 2836 Poggius,
1865 2785 1880 2814 ψ’
1930 2782 1938 2835 ζ
1955 2824 1956 2827 ,

235 2850 280 2876 11
304 2836 450 2876 iubere
471 2835 508 2875 S
591 2849 796 2877 annorum
818 2835 899 2876 KS
1012 2849 1060 2877 12
1080 2849 1238 2886 arcess.
1257 2836 1349 2875 PM
1364 2851 1374 2878 ε
1402 2849 1564 2879 accers.
1587 2837 1626 2878 S
1646 2838 1807 2891 (1'ta„⁴23.
1827 2839 1877 2879 16
1927 2845 1934 2865 -”
1955 2879 1957 2886 ,

234 2893 286 2930 16
304 2897 478 2930 senatus
500 2890 547 2943 (t'
570 2890 645 2941 M)
667 2891 782 2931 PM:
812 2897 1053 2932 senatorem
1075 2890 1113 2931 S
1221 2902 1273 2941 25
1303 2891 1443 2932 intulit
1463 2890 1500 2931 S
1582 2892 1781 2933 uirtutem
1802 2892 1884 2934 sin·
1926 2877 1937 2955 f
1954 2898 1958 2939 ί

230 2951 274 2996 Σ,
297 2959 396 2987 corr.
421 2945 657 2985 Mommsen
826 2948 880 2984 26
909 2947 1201 2987 contendisset
1223 2945 1446 2987 Manutius
1707 2947 1717 2957 ⁶
1878 2979 1879 2982 ,
1927 2963 1949 3017 »3
