1988 3334
50 90 71 153 ²3
455 173 473 186 ,
627 124 703 172 ΙΝ
743 122 1275 173 CORNELIANAM
1722 122 1784 183 69

49 162 51 189 ⁴

48 291 50 298 ·
96 265 208 315 ¹bus
253 267 323 315 M.
366 264 534 314 Livius
575 266 766 314 Drusus
809 262 1035 312 tribunus
1072 260 1231 326 plebis
1274 259 1452 310 tulerit.
1528 259 1629 322 Qui
1673 275 1786 308 cum
1809 256 1868 306 61

112 356 312 398 senatus
346 356 508 412 partes
534 347 745 397 tuendas
779 343 1076 410 suscepisset
1102 352 1151 394 et
1180 345 1313 408 leges
1343 359 1433 407 pro
1464 341 1788 406 optimatibus

91 429 313 491 ·tulisset,
341 438 515 494 postea
548 445 609 479 eo
634 427 864 479 licentiae
897 436 972 478 est
1005 443 1293 492 progressus
1318 434 1373 475 ut
1406 426 1599 474 nullum
1625 423 1677 473 in
1710 424 1786 473 his

46 493 71 597 {3
108 529 299 563 morem
324 520 550 562 servaret.
631 513 810 575 Itaque
836 509 1094 574 Philippus
1120 526 1219 559 605.
1249 507 1336 572 qui
1361 506 1406 557 ei
1431 505 1663 556 inimicus
1683 511 1799 556 erat'

54 606 55 609 ’
109 594 326 646 obtinuit
349 611 379 644 a
403 603 578 645 senatu
610 603 666 644 ut
689 595 821 658 leges
847 592 952 643 eius
983 608 1159 642 omnes
1189 608 1292 641 uno
1318 592 1364 640 S.
1395 590 1452 641 C.
1480 590 1781 639 tollerentur.

46 663 68 749 ,Ji
107 679 379 728 Decretum
418 686 492 727 est
534 676 668 727 enim
706 684 879 726 contra
924 673 1146 739 auspicia
1193 690 1301 724 esse
1342 675 1464 723 latas
1507 688 1672 736 neque
1714 670 1784 721 eis

46 760 56 825 ’.ιῖ
107 758 263 810 teneri
299 760 556 824 populum.

53 832 55 841 ’
145 841 444 892 Tertium
481 850 569 891 est
605 842 677 891 de
708 842 903 905 legum
941 837 1525 903 derogationibus—z
1563 852 1679 901 quo
1713 837 1785 885 de

44 926 71 982 ,ζ’
107 940 322 989 genere
357 939 642 988 persaepe
676 924 722 972 S.
760 923 817 973 C.
846 921 1020 983 fiunt,
1058 929 1121 970 ut
1157 937 1344 985 nuper
1377 921 1448 969 de
1484 918 1612 984 ipsa
1652 920 1784 983 lege

52 993 68 1018 *⁴
96 1005 435 1071 Calpurnia
471 1005 566 1055 cui
601 1006 1000 1069 derogaretur.

58 1091 93 1158 j'
174 1091 277 1139 Lex
306 1090 431 1138 haec
464 1087 735 1152 Calpurnia
768 1089 832 1138 de
864 1086 1057 1137 ambitu
1094 1095 1210 1136 erat.
1284 1086 1488 1134 Tulerat
1518 1101 1629 1134 eam
1665 1092 1782 1133 ante

44 1174 60 1223 ’,
104 1169 364 1221 biennium
407 1171 464 1221 C.
512 1169 810 1234 Calpurnius
859 1168 976 1218 Piso
1024 1184 1142 1229 cos.,
1187 1167 1238 1216 in
1281 1183 1381 1231 qua
1422 1174 1616 1230 praeter
1661 1165 1782 1215 alias

44 1274 45 1277 ¹
83 1268 292 1318 poenas
328 1251 614 1316 pecuniaria
649 1262 852 1315 quoque
888 1267 1054 1314 poena
1089 1258 1193 1299 erat
1228 1248 1436 1299 adiecta.

175 1337 229 1384 P.
258 1334 580 1384 Africanus
613 1333 720 1384 ille
745 1332 1030 1398 superior,
1067 1339 1134 1381 ut
1161 1331 1402 1394 dicitur,
1436 1348 1555 1382 non
1589 1332 1781 1393 solum

56 1430 69 1468 “.
106 1434 136 1468 a
160 1417 631 1482 sapientissimis
674 1416 1021 1466 hominibus
1064 1415 1166 1480 qui
1208 1425 1332 1465 tum
1376 1423 1545 1465 erant
1580 1431 1782 1464 verum

50 1476 284 1552 etiam
309 1518 338 1550 a
363 1517 423 1550 se
447 1500 579 1565 ipso
605 1517 782 1564 saepe
812 1507 1134 1549 accusatus
1159 1507 1248 1548 est
1284 1499 1460 1563 quod,
1489 1514 1620 1547 cum
1651 1513 1785 1570 con-

42 1573 55 1650 s
105 1586 197 1634 sul
222 1592 379 1633 esset
412 1600 542 1632 cum
567 1582 651 1631 Ti.
683 1584 904 1646 Longo,
933 1598 1142 1646 passus
1176 1591 1334 1631 esset
1371 1590 1493 1630 tum
1530 1579 1781 1644 primum

41 1670 52 1738 5
104 1682 135 1716 a
170 1665 451 1731 populari
489 1682 777 1715 consessu
815 1664 1118 1715 senatoria
1154 1663 1446 1714 subsellia
1482 1662 1755 1728 separari.

90 1807 93 1814 ὃ
175 1750 293 1798 Hoc
325 1750 512 1798 factum
546 1757 621 1798 est
654 1748 878 1798 secundo
915 1748 1176 1797 consulatu
1211 1745 1457 1811 Scipionis
1490 1754 1604 1809 post
1638 1744 1782 1810 septi-

40 1836 71 1906 ,2
87 1887 90 1892 ¹
106 1847 243 1880 mum
285 1817 474 1880 annum
513 1847 665 1894 quam
709 1828 1184 1894 Carthaginensibus
1222 1828 1355 1878 bello
1399 1829 1622 1878 secundo
1665 1829 1781 1877 data

40 1927 51 1976 Ἀ
105 1923 179 1964 est
225 1931 332 1978 pax.
422 1915 631 1963 Factum
685 1912 737 1962 id
785 1929 892 1962 esse
945 1920 1113 1961 autem
1164 1911 1341 1961 Antias
1394 1910 1598 1962 tradidit
1651 1909 1780 1960 ludis

40 1977 52 2050 ,⁹
90 1995 349 2066 ιΙζοῐηεῑῑιί5
383 2012 509 2060 quos
542 1997 766 2045 fecerunt
789 1993 975 2045 aediles
1006 1995 1200 2044 curules
1231 1995 1285 2044 C.
1313 1992 1495 2043 Atilius
1526 1994 1778 2053 Serranus,

105 2079 159 2128 L.
200 2077 488 2128 Scribonius
526 2077 669 2138 Libo,
702 2087 750 2127 et
784 2077 835 2127 id
865 2094 951 2127 eos
986 2076 1161 2126 fecisse
1194 2076 1331 2125 iussu
1370 2092 1633 2126 censorum
1668 2077 1776 2125 Sex.

40 2168 60 2215 {1
96 2154 216 2211 ῙΑ611
248 2160 402 2222 Paeti,
437 2162 493 2211 C.
532 2160 734 2211 Corneli
760 2159 984 2224 Cethegi.
1059 2162 1124 2208 Et
1148 2157 1342 2208 videtur
1366 2157 1417 2206 in
1455 2158 1549 2207 hac
1574 2156 1779 2222 quidem

40 2242 328 2292 ‘oratione
353 2244 488 2292 hunc
512 2252 766 2292 auctorem
802 2251 1000 2291 secutus
1027 2240 1206 2292 Cicero
1231 2240 1413 2290 dixisse
1444 2257 1646 2304 passum
1673 2257 1780 2290 esse

48 319 50 347 Ι

47 358 50 453 l

47 447 59 488 l

47 492 49 517 4

39 2406 75 2461 ἶἐ
98 2438 110 2458 s
159 2373 933 2482 1¹2÷Jsf¹¹23323⁵23a25235us²¹¹⁰²²“ma
961 2372 1377 2478 abr03253112ffi¹3⁶3
1392 2371 1783 2467 ²20⁶5z⁷215533²223

47 2478 75 2542 ᾗῇ·
106 2497 189 2536 quo
210 2485 253 2525 in
274 2497 434 2535 genere
454 2483 654 2523 Bu‘cheler
839 2496 888 2523 10
918 2483 984 2523 cui
1007 2482 1246 2522 Lambinus
1266 2497 1276 2522 z
1304 2457 1390 2533 que,
1410 2484 1499 2532 (-ae
1520 2480 1580 2534 S)
1605 2486 1636 2523 Σ
1655 2496 1665 2522 :
1693 2495 1779 2532 quo

47 2546 113 2584 ⁴³·.
99 2540 306 2580 sacheler
417 2553 466 2590 14
495 2544 541 2578 ut
561 2538 658 2579 add.
681 2538 739 2581 ed.
757 2537 859 2580 Ald.
977 2549 1026 2589 15
1056 2542 1157 2577 tunc
1177 2536 1214 2577 S
1333 2538 1384 2575 16
1412 2535 1498 2589 est]
1519 2549 1617 2577 esse
1641 2537 1783 2577 Baiter

52 2594 74 2637 *2
134 2607 157 2645 7
177 2594 227 2634 Τ.
250 2593 354 2634 SP:
383 2600 448 2635 ter
440 2553 525 2644 M,
548 2607 648 2635 corr.
673 2592 898 2634 Manutms
1023 2593 1203 2643 primum
1225 2606 1251 2632 a
1271 2592 1524 2632 Manutius:
1554 2591 1780 2643 plurima}

46 2650 75 2686 i]
107 2651 161 2690 18
189 2662 402 2690 consensu
423 2654 467 2701 Σ,
491 2662 594 2690 corr.
617 2648 804 2700 Poggius
914 2660 963 2686 21
997 2648 1174 2687 tradidit
1194 2647 1288 2688 PM
1304 2661 1312 2686 ε
1344 2647 1532 2687 traduxit
1552 2645 1589 2686 S
1609 2661 1618 2686 τ
1649 2647 1780 2687 tradit

56 2699 75 2741 ’ἶ
102 2738 104 2741 ,
149 2702 186 2744 S
309 2716 360 2742 22
389 2704 437 2744 C.
462 2703 557 2744 add.
582 2702 806 2743 Manutius
919 2701 1153 2742 fecerintS
1263 2702 1424 2742 attilius
1446 2701 1537 2741 SM
1727 2714 1780 2752 23

38 2756 57 2802 J'z
92 2757 157 2799 1..
178 2758 432 2800 Manutius:
461 2759 511 2799 T.
536 2762 567 2799 Σ
773 2763 815 2797 et
841 2758 882 2797 id
904 2770 978 2796 eos
998 2756 1165 2797 Baiter.
1202 2757 1348 2797 cideos
1369 2760 1428 2797 2:
1460 2757 1503 2796 id
1524 2769 1601 2796 eos
1621 2756 1780 2796 Manu-

106 2813 190 2855 tius
298 2814 366 2854 ius
386 2818 430 2863 Σ,
455 2827 552 2854 corr.
575 2812 780 2853 Lodoicus
923 2826 973 2863 24
1004 2812 1079 2852 leti
1101 2815 1147 2862 Σ,
1168 2825 1268 2853 corr.
1293 2810 1518 2851 Manutius
1627 2811 1779 2862 Cetegi

37 2869 41 2886 ⁴
71 2870 79 2894 f
104 2870 149 2918 Ξ,
180 2881 281 2909 corr.
317 2867 523 2908 Beraldus
688 2869 767 2908 hac
794 2867 967 2918 quidem
987 2867 1180 2907 oratione
1201 2867 1312 2907 hunc
1334 2865 1450 2907 SM.
1480 2867 1561 2907 hac
1583 2866 1778 2906 oratione

50 2942 52 2947 ·
104 2920 214 2963 hunc
227 2923 399 2974 quidem
420 2922 461 2962 P
569 2935 620 2972 25
652 2928 844 2963 secutum
861 2922 902 2962 P
1011 2933 1184 2973 passum
1200 2920 1316 2962 PM·
1309 2951 1726 2962 .............
1734 2921 1781 2960 S
