1988 3334
697 139 1104 217 PRAEFATIO

67 277 299 343 Poggiani
364 277 818 328 emanarunt—ab
878 278 975 327 hoc
1034 275 1264 341 imperito
1323 275 1530 325 homine
1550 305 1615 311 —
1636 274 1739 324 sive

0 373 2 379 '
68 361 316 412 Germano
342 358 443 409 sive
471 361 600 409 Italo
635 361 770 424 apud
798 360 1076 408 Germanos
1110 359 1379 418 exsulante,
1408 356 1477 406 nil
1506 373 1740 407 moror—-

66 443 345 494 confectum
382 459 490 492 esse
534 451 724 507 septem
757 441 943 491 abhinc
981 440 1126 490 annis
1169 439 1376 501 conieci,
1427 439 1478 489 in
1518 438 1739 489 editione

65 509 303 577 Silvarum
336 541 426 588 pro
451 532 586 574 certo
610 524 820 572 affirmat
845 524 1078 573 Alfredus
1107 524 1291 572 Klotz.¹
1455 511 1459 515 ¹

73 651 75 654 .
130 607 213 657 Ad
236 605 512 656 Asconium
546 607 824 667 redeamus,
849 614 903 654 ut
932 605 1059 654 inter
1095 614 1192 655 tres
1218 613 1367 655 testes
1406 605 1567 654 SPM
1586 602 1742 667 digni-

66 687 175 741 tatis
199 688 446 752 quaedam
472 686 731 737 contentio
751 688 848 736 fiat.
905 686 1126 736 Primum
1152 688 1216 737 de
1242 688 1354 737 cod.
1381 688 1457 736 M
1465 685 1739 736 dicendum

65 778 151 822 est.
224 767 389 818 Huius
426 768 630 833 quidem
667 768 933 819 auctoritas
961 768 1084 818 mihi
1119 786 1358 833 perparva
1393 785 1501 818 esse
1531 767 1738 828 videtur,

65 867 165 902 non
200 853 361 901 solum
391 850 525 900 enim
561 851 625 901 ab
651 850 760 916 ipso
791 853 1178 901 Bartholomaeo
1214 868 1316 900 non
1350 860 1424 900 est
1466 852 1738 910 confectUS,

65 933 122 985 id.
156 935 292 998 quod
339 950 487 998 supra
533 933 744 994 ostendi,
796 935 886 984 sed
928 936 1194 998 plusquam
1233 933 1431 999 triginta
1471 932 1594 983 locis
1631 951 1659 982 e
1694 934 1748 981 P

65 1025 310 1066 correctus
357 1025 443 1065 est.
519 1017 828 1079 Argumenta
867 1033 1132 1080 congerere
1181 1033 1283 1066 non
1332 1033 1458 1080 opus
1507 1023 1596 1075 est,
1637 1016 1740 1064 duo

65 1107 255 1148 tantum
314 1098 528 1162 exempli
587 1115 738 1147 causa
796 1116 1004 1148 sumam.
1092 1100 1244 1148 Velut
1303 1115 1382 1159 40.
1448 1113 1507 1161 25
1570 1096 1741 1146 iudicii

65 1178 310 1248 summus]
343 1182 398 1230 Ρ
423 1198 537 1229 cum
577 1182 620 1230 S
651 1181 974 1231 t‘zcdz‘czlvst‘mus
1006 1182 1170 1241 habet,
1208 1180 1260 1229 in
1294 1179 1514 1245 margine
1547 1178 1741 1244 scripsit

66 1261 276 1327 Poggius
312 1263 558 1323 iudicibus,
587 1264 745 1324 iudici,
772 1265 984 1327 primus,
1013 1263 1066 1314 id
1091 1273 1165 1313 est
1190 1265 1268 1313 vel
1294 1264 1529 1312 iudicibus
1539 1263 1742 1326 primus

65 1346 140 1405 vel
163 1345 314 1394 iudici
320 1345 536 1408 primus.
594 1347 654 1394 In
680 1347 756 1394 M
769 1355 843 1395 est
868 1347 1101 1395 iudicibus
1119 1347 1290 1395 iudicii
1301 1347 1498 1409 primus
1517 1365 1526 1395 z
1553 1343 1741 1394 scilicet

65 1424 284 1477 librarius
304 1426 510 1491 quidam
535 1426 768 1477 indoctus
794 1426 1104 1477 coniecturas
1128 1428 1302 1476 ambas
1321 1426 1612 1477 adsciverat.
1664 1427 1741 1475 Ita

68 1497 143 1573 ἐι.
174 1522 198 1571 7
234 1510 287 1557 Ρ
312 1525 428 1557 cum
473 1511 515 1559 S
537 1510 702 1572 prelia
742 1509 908 1569 habet,
942 1508 993 1558 in
1042 1508 1261 1573 margine
1298 1508 1492 1573 scripsit
1534 1507 1739 1572 quidam

67 1575 235 1654 Poggii
259 1588 524 1650 familiaris,
556 1591 749 1651 ‘credo,
759 1591 1099 1655 patrimonia‚'
1125 1607 1276 1654 quam
1296 1589 1656 1640 correctionem
1675 1591 1751 1639 M

67 1657 274 1721 esshibet.
351 1673 461 1720 Has
486 1671 796 1722 coniecturas
821 1690 848 1721 e
873 1674 926 1721 Ρ
944 1671 1042 1720 iam
1068 1689 1182 1721 cum
1218 1672 1474 1736 Sigeberto
1507 1689 1662 1721 unum
1690 1671 1741 1720 in

66 1750 242 1805 librum
280 1753 621 1818 conglutinato
657 1754 836 1819 petitas
870 1771 978 1804 esse
1015 1754 1234 1804 ostendit
1271 1758 1349 1815 46.
1385 1758 1461 1816 18,
1487 1755 1573 1804 ubi
1605 1756 1741 1819 apud

68 1834 300 1888 Clodium
335 1837 389 1885 Ρ
414 1853 529 1884 curn
557 1838 600 1887 S
617 1836 785 1898 habet,
816 1837 866 1885 in
900 1835 1119 1900 margine
1144 1838 1198 1885 P
1215 1836 1453 1900 scriptum
1486 1846 1590 1887 erat
1622 1854 1652 1886 a
1677 1839 1737 1886 Ρ.

0 1919 5 1927 ’
73 1917 248 1977 Clodio,
270 1918 359 1967 sed
381 1917 568 1968 ‘littera
583 1935 614 1966 a
634 1935 769 1967 nunc
789 1926 960 1982 operta
980 1926 1054 1967 est
1073 1919 1313 1968 schedula
1332 1919 1550 1982 quadam
1567 1928 1743 1983 postea

0 2102 1 2105 Ἴ
120 2053 134 2076 ¹
164 2054 345 2105 Quidam
366 2053 445 2095 viri
466 2055 583 2095 docti
604 2055 662 2095 ita
682 2070 706 2095 e
724 2055 775 2094 M
790 2068 839 2107 31
859 2061 1027 2095 ceteros
1048 2056 1223 2096 fluxisse
1244 2056 1360 2097 aiunt
1380 2063 1425 2097 ut
1445 2057 1740 2108 apographum

67 2107 202 2159 ipsum
244 2109 297 2150 ab
338 2110 419 2150 hoc
471 2111 821 2160 ignorantissimo
862 2111 1051 2150 omnium
1091 2111 1322 2151 viventium
1363 2112 1518 2152 factum
1560 2118 1735 2162 negent.

69 2161 166 2219 Hoc
199 2164 357 2204 faciunt
389 2164 588 2205 Politiani
621 2165 868 2206 testimonio
901 2165 997 2205 freti
1032 2166 1104 2216 qui
1135 2179 1246 2206 vers.
1289 2179 1323 2207 1.
1347 2182 1385 2218 4.
1416 2169 1509 2217 46a
1543 2168 1657 2218 quod
1696 2167 1739 2206 in

70 2216 122 2264 Μ
136 2230 185 2269 31
217 2225 358 2260 exstat
387 2219 440 2259 ab
471 2233 522 2260 eo
543 2220 800 2271 ‘exemplari
829 2221 992 2260 Gallica
1019 2221 1182 2271 scripto
1213 2234 1338 2261 manu
1360 2223 1473 2273 quod
1502 2221 1545 2260 in
1578 2222 1739 2261 Italiam

69 2272 278 2314 attulisset
298 2274 498 2325 Poggius'
519 2275 678 2315 afuisse
699 2276 815 2314 dicit.
877 2275 1044 2314 Ceteris
1063 2276 1235 2326 quidem
1263 2277 1305 2315 in
1333 2277 1461 2317 rebus
1491 2277 1660 2316 collatio
1686 2278 1739 2316 ab

69 2339 120 2369 eo
153 2328 276 2378 sacta,
311 2342 421 2380 quae
452 2329 496 2369 in
532 2330 729 2381 exemplo
763 2330 1017 2369 Corsiniano
1050 2337 1259 2380 servatur,
1292 2345 1388 2371 cum
1415 2332 1467 2370 M
1495 2345 1544 2382 31
1579 2333 1740 2382 optime

70 2385 272 2433 congruit.
336 2384 444 2424 Nam
474 2384 788 2436 discrepantiae
810 2398 917 2435 quas
947 2385 1140 2424 invenire
1171 2387 1251 2425 sibi
1272 2387 1390 2426 visus
1418 2393 1485 2427 est
1504 2387 1557 2427 A.
1584 2386 1738 2436 Engel-

70 2439 195 2477 niam]
235 2439 554 2479 commenticiae
590 2439 693 2479 mihi
724 2440 934 2479 videntur.
991 2439 1127 2479 Valde
1155 2441 1378 2491 ingeniose
1414 2442 1577 2481 amicus
1608 2454 1738 2488 meus,

73 2488 107 2535 Ι.
129 2491 175 2532 S.
196 2492 451 2545 Phillimore,
477 2493 683 2545 Poggium
711 2501 864 2545 postea
884 2499 1099 2533 vetustum
1126 2494 1266 2547 ipsum
1292 2497 1587 2547 archetypum,
1611 2509 1635 2535 e
1656 2509 1740 2546 quo

71 2540 124 2585 Π
136 2558 185 2596 31
208 2548 450 2599 exscriptus
470 2555 550 2594 est,
568 2555 738 2589 nactum
760 2561 857 2588 esse
879 2549 1101 2588 contendit
1119 2563 1128 2588 ε
1160 2551 1315 2590 eodem
1335 2552 1462 2591 etiam
1484 2551 1738 2591 Politianum

70 2605 186 2640 usum
208 2615 316 2643 esse.
380 2604 482 2642 Mihi
513 2604 640 2643 etiam
671 2604 713 2643 in
741 2610 925 2643 mentem
946 2611 1123 2644 venerat
1149 2606 1342 2655 potuisse
1364 2606 1738 2646 Bartholomaeum

70 2656 286 2707 exemplar
315 2658 492 2697 alterum
528 2659 570 2697 in
602 2671 726 2698 suum
757 2670 879 2698 usum
914 2657 1155 2699 faciendum
1191 2673 1354 2711 curare,
1391 2661 1472 2700 hoc
1509 2666 1659 2712 postea
1695 2661 1739 2701 in

72 2705 266 2750 Pontiani
298 2725 446 2752 manus
484 2712 698 2755 incidisse.
758 2713 947 2764 Vtraque
981 2718 1122 2752 autem
1155 2715 1415 2767 coniectura,
1447 2715 1491 2754 ni
1524 2715 1659 2767 fallor,
1696 2715 1739 2754 in

3 2803 10 2811 ,
71 2764 217 2804 endem
255 2766 512 2812 difficultate.
539 2768 700 2808 haeret.
772 2768 868 2818 Quo
901 2767 1028 2806 modo
1061 2768 1174 2808 enirn
1214 2769 1370 2810 factum
1410 2777 1476 2810 est
1507 2775 1552 2810 ut
1591 2783 1740 2810 omnes

3 2820 11 2851 ’-
71 2819 238 2860 codices
276 2834 332 2860 ex
370 2822 423 2861 M
450 2834 500 2872 31
539 2823 750 2875 fluxerint,
791 2822 932 2862 nullus
971 2835 1026 2860 ex
1064 2823 1145 2863 hoc
1187 2825 1422 2876 exemplari
1463 2825 1612 2877 altero,
1647 2825 1739 2864 sive

96 2878 279 2914 etustum
301 2876 438 2926 ipsum
457 2877 736 2929 archetypum
759 2876 895 2927 suerit,
921 2876 1012 2915 sive
1032 2879 1328 2930 apographum
1350 2879 1391 2919 in
1413 2893 1535 2919 usum
1560 2880 1739 2919 Bartho-

86 2929 221 2968 omaei
250 2929 434 2971 factum?
495 2931 749 2972 Politianum
782 2945 900 2983 ergo,
930 2943 1024 2970 cum
1055 2933 1183 2973 homo
1210 2934 1346 2983 suerit,
1372 2947 1516 2974 errare
1548 2935 1739 2986 potuisse

7 3011 12 3025 x
73 2986 116 3021 et
135 2982 177 3022 in
199 2984 277 3024 hac
299 2998 344 3024 re
366 2986 574 3026 erravisse
596 3000 765 3027 censeo.

849 3054 956 3104 xxxi
