1988 3334
708 46 1115 95 PRAEFATIO

74 189 327 239 Ἀσκώνιον
374 188 612 238 Πεδιανόν.
689 189 798 251 ἐξῆν
842 189 934 253 γὰρ
981 187 1057 236 καὶ
1105 189 1384 251 ἐπικλήτους
1429 188 1567 237 οἱονεὶ
1614 190 1749 239 σκιὰς

76 273 251 323 ἑαυτοῖς
284 274 572 334 παρακαλεῖν
606 291 732 321 τινας
769 270 845 319 καὶ
877 270 966 319 ἔδει
996 270 1079 319 τὸν
1112 268 1325 319 Ἀπίκιον
1363 270 1440 318 καὶ
1476 270 1650 331 φίλοις·
1674 271 1751 318 καὶ

76 357 251 420 ἀγνῶσι
273 354 359 416 τὴν
382 353 548 403 οὐσίαν
570 353 748 417 ῥίπτειν
771 352 856 414 τὴν
880 355 1058 402 ἑαυτοῦ.
1118 353 1365 415 πέπυσμαι
1390 352 1446 415 δὴ
1476 356 1526 401 ἐν
1548 352 1664 418 τῷδε
1686 356 1752 418 τῷ

73 435 325 500 συνδείπνῳ
362 435 582 501 γενέσθαι
622 434 697 484 καὶ
743 433 983 498 Ἰσίδωρον
1030 435 1178 498 ὄνομα
1223 437 1314 484 τῶν
1355 437 1406 482 ἐκ
1452 435 1750 498 παλαίστρας

75 518 453 581 κατατριβέντων,
475 517 619 581 ἄνδρα
636 518 840 567 παλαιὸν
862 519 949 581 μὲν
962 517 1059 580 ἤδη
1081 517 1157 566 καὶ
1174 516 1327 566 πολὺν
1348 520 1413 581 τῷ
1435 517 1601 582 χρόνῳ,
1629 517 1677 565 ἕν
1699 538 1751 566 τε

73 600 150 649 ’καὶ
175 600 453 663 Δἐνενήκοντα
482 600 561 663 ἔτη
590 601 831 667 γεγονότα,
870 602 1049 666 εὐπαγῆ
1086 599 1135 648 δὲ
1171 599 1248 648 καὶ
1281 600 1454 662 εὖμελῆ
1489 600 1564 648 καὶ
1595 599 1751 662 βαθὺν

73 685 157 748 ’μὲν
187 682 269 734 τὰς
302 683 519 746 πλευράς,
556 686 767 749 γενναῖον
802 682 850 731 δὲ
881 684 943 731 τὼ
986 683 1214 747 βραχίονε
1244 681 1319 730 καὶ
1346 683 1410 730 τὼ
1441 685 1567 747 χεῖρε
1608 681 1746 746 ἅκρω,

73 765 270 830 βλέπειν
300 786 351 814 τε
387 765 495 824 ὀξὺν
520 765 596 814 καὶ
629 765 811 815 ἀκούειν
842 767 1012 830 ῥᾷστα,
1040 768 1099 817 ὡς
1127 765 1194 829 μὴ
1227 763 1284 814 ἂν
1307 766 1546 814 πιστεύειν
1569 765 1688 828 πέρα
1712 764 1754 823 ξ’

73 851 184 898 ε’τῶν
220 846 332 896 εἶναι
374 848 512 897 αὐτόν
546 885 556 897 .
597 885 607 896 .
644 885 654 896 .
693 849 906 914 γέροντες
939 848 995 910 δὴ
1031 846 1175 897 ἄλλοι
1211 869 1263 897 τε
1296 847 1460 913 ἔλεγον
1496 847 1573 896 ε’πὶ
1606 848 1749 912 τέχνῃ

0 932 1 943 ’
73 931 390 995 παλαιστρικῇ
423 930 498 979 καὶ
524 931 684 994 μέντοι
714 931 790 980 καὶ
820 929 1024 982 Ἰούνιος.
1099 930 1174 978 καὶ
1203 930 1280 978 ὅτε
1312 933 1458 980 ταῦτα
1483 930 1643 996 ἔλεγεν
1668 931 1749 993 ἔτη

72 1012 309 1080 γεγονέναι
333 1012 555 1076 ἑξήκοντά
581 1017 745 1075 φασιν.
818 1012 1011 1072 Suidas‚
1038 1028 1074 1060 s.
1090 1028 1133 1061 v.
1162 1010 1385 1063 Ἀπίκιος.

139 1109 185 1143 Α.
205 1109 253 1143 1).
303 1094 364 1143 28
402 1096 576 1144 consul
616 1111 730 1144 cum
771 1096 829 1144 L.
863 1093 1082 1143 Antistio
1121 1095 1304 1143 Vetere
1331 1092 1429 1154 fuit
1468 1095 1533 1155 Q.
1574 1092 1748 1142 Iunius

75 1177 290 1237 BlaesuS,
336 1176 441 1226 eius
482 1176 645 1227 Blaesi
682 1178 767 1240 qui
805 1192 849 1225 A.
865 1191 914 1225 D.
961 1194 1019 1224 10
1056 1177 1372 1226 consulatum
1414 1173 1564 1239 gessit
1603 1173 1745 1223 filius.

75 1257 174 1320 Qui
210 1274 325 1307 cum
359 1275 420 1309 eo
461 1267 595 1308 anno
634 1257 977 1322 sexagenarius
1010 1274 1118 1307 esse
1154 1272 1257 1307 non
1294 1255 1524 1320 potuerit,
1560 1256 1750 1320 optime

72 1339 272 1390 coniicit
309 1342 365 1389 Ε.
407 1341 598 1390 Klebs¹
637 1342 871 1390 Blaesum
908 1348 1099 1404 patrem
1136 1339 1300 1388 eidem
1339 1337 1568 1388 convivio
1606 1337 1750 1387 inter-

72 1421 221 1472 fuisse
240 1431 290 1472 et
313 1424 448 1472 hunc
474 1439 756 1472 sermonem
782 1421 1030 1471 habuisse.

139 1501 215 1570 (d)
251 1505 488 1554 Asconius
529 1505 778 1554 Pedianus
820 1521 850 1551 a
896 1505 1043 1554 Gallo
1084 1503 1324 1552 audivisse
1358 1519 1407 1551 se
1441 1502 1590 1564 refert
1626 1502 1752 1550 lianc

0 1627 1 1652 ἶ
73 1588 269 1649 eclogam
293 1587 346 1635 in
371 1588 594 1636 lzonorem
619 1586 720 1635 eius
727 1585 933 1649 factam.
1005 1584 1202 1635 Servius
1227 1586 1299 1632 ad
1316 1586 1422 1633 Ecl.
1451 1583 1512 1633 iv.
1547 1601 1567 1633 1
1582 1602 1619 1633 1.

0 1654 1 1659 ¹
142 1669 197 1719 C.
225 1667 428 1718 Asinius
467 1669 642 1718 Gallus
681 1683 791 1716 A.D.
837 1684 898 1730 33
939 1666 1037 1716 cibi
1079 1675 1297 1731 egestate
1336 1674 1623 1730 peremptus
1658 1674 1745 1718 est.

73 1750 189 1798 Tac.
217 1751 351 1799 Ann.
381 1749 444 1799 vi.
475 1767 548 1813 23.
947 1806 949 1808 ,

83 1834 88 1838 ’
142 1833 317 1881 Restat
340 1831 475 1881 aliud
502 1831 844 1880 testimonium
870 1830 1178 1894 apertissime
1204 1831 1398 1878 falsum.

141 1911 211 1979 (e)
247 1915 370 1962 Item
422 1914 660 1963 Asconius
717 1914 967 1962 Pedianus
1018 1913 1094 1961 ait
1141 1929 1188 1960 se
1240 1913 1431 1960 audisse
1490 1913 1750 1975 Vergilium

73 1996 295 2045 dicentem
332 1996 385 2045 in
424 1996 508 2044 lzoc
541 1998 636 2044 loco
675 2012 723 2044 se
756 1995 1091 2058 grammaticis
1126 2011 1304 2043 crucem
1326 1994 1534 2056 fixisse:
1569 1995 1751 2057 quaesi-

75 2084 207 2126 turos
233 2095 306 2126 eos
339 2079 387 2126 si
414 2078 536 2141 quid
559 2078 820 2126 studiosius
848 2079 1176 2126 occultaretur.
1251 2077 1396 2125 Dicit
1423 2083 1581 2125 autem
1602 2083 1749 2140 poeta

81 2161 291 2209 Coelium
314 2161 670 2209 Mantuanum.
746 2158 1077 2223 Philargyrius
1103 2168 1153 2208 et
1179 2158 1456 2208 Scholiasta
1483 2158 1749 2208 Bernensis

75 2243 145 2290 ad
162 2243 268 2292 Ecl.
296 2241 360 2290 iii.
396 2245 502 2291 106.

79 2367 83 2370 .
143 2324 293 2373 Anno
333 2342 390 2387 19
416 2333 532 2373 ante
557 2323 814 2374 Christum
845 2322 1067 2372 Asconio
1101 2323 1328 2372 nondum
1360 2331 1477 2371 nato
1503 2320 1750 2386 Vergilius

74 2410 359 2469 supremum
385 2405 519 2455 diem
547 2405 684 2455 obiit.

146 2504 188 2536 2.
226 2488 290 2538 de
315 2487 391 2537 his
417 2486 800 2537 commentariis.

77 2611 80 2613 v
115 2595 120 2600 ·
142 2567 211 2635 (a)
255 2572 546 2620 Orationum
583 2571 821 2620 Ciceronis
852 2572 985 2619 velut
1007 2570 1164 2618 tlzema
1189 2570 1286 2633 ipse
1318 2575 1554 2631 exponens
1577 2568 1750 2618 Pedia-

77 2669 167 2702 nus
193 2655 576 2716 ‘Argumentum
593 2654 603 2674 '
628 2653 792 2715 inquit
816 2655 938 2701 ‘tale
961 2658 1033 2700 est
1048 2652 1076 2702 '.
1148 2651 1356 2714 Quintil.
1385 2668 1428 2699 v.
1462 2669 1534 2700 10.
1566 2669 1608 2714 9.

81 2777 85 2780 ⁴
145 2734 218 2801 (b)
255 2737 320 2785 In
389 2753 487 2799 qua
531 2753 598 2784 re
660 2737 806 2784 etiam
869 2736 1182 2783 Fenestellam
1227 2780 1229 2782 .
1253 2750 1437 2782 errasse
1501 2734 1751 2782 Pedianus

677 2889 690 2912 ¹
718 2888 832 2940 apud
854 2887 1130 2928 Wissowam.

879 2974 943 3007 Vll
