1988 3334
221 103 250 149 8
881 100 1112 150 ASCON
1117 100 1227 149 IVS

322 200 358 207 κ

829 265 1062 315 PAVLO
1110 263 1284 316 POST

221 608 388 658 Fufia
427 625 626 658 eversa
663 617 763 671 est,
808 611 1254 674 propugnacula
1293 608 1561 674 murique
1603 607 1892 673 tranquil·

218 689 410 740 litatis
467 699 645 755 atque
704 690 820 752 oti,
883 690 1139 756 collegia
1197 708 1311 742 non
1366 708 1431 741 ea
1490 691 1680 740 solum
1739 706 1890 754 quae
1951 708 1953 767 ff

219 780 460 821 senatus
519 773 843 822 sustulerat
902 772 1195 835 restituta,
1269 774 1372 823 sed
1430 770 1896 864 innumerabili

219 943 352 984 tata.
444 936 534 985 Ab
582 937 790 986 eodem
827 935 1066 987 homine
1107 936 1166 986 in
1205 936 1425 1002 stupris
1461 935 1752 987 inauditis
1793 953 1890 986 ne·
1898 1003 1899 1006 Ἴ

218 1016 505 1080 fariisque
546 1026 782 1068 versato
837 1026 1007 1068 vetus
1067 1016 1170 1068 illa
1222 1018 1501 1082 magistra
1546 1017 1789 1083 pudoris
1836 1025 1892 1068 et
1938 1027 1942 1033 '

220 1098 551 1149 modestiae
586 1115 838 1149 censura
874 1098 1110 1149 sublata
1145 1107 1244 1149 est.

289 1178 518 1230 Diximus
555 1182 612 1230 L.
648 1179 831 1230 Pisone
866 1181 926 1229 A.
957 1179 1175 1230 Gabinio
1211 1197 1335 1230 COSS.
1376 1183 1429 1230 P.
1459 1179 1695 1232 Clodium
1731 1189 1787 1229 tr.
1821 1181 1887 1244 pl.
1934 1200 1938 1251 j

218 1270 452 1326 quattuor
486 1263 618 1327 leges
655 1261 955 1326 perniciosas
996 1264 1184 1327 populo
1222 1264 1456 1313 Romano
1492 1262 1691 1313 tulisse:
1738 1279 1891 1313 anno·
1932 1266 1939 1318 gi

219 1342 420 1405 nariam,
448 1344 513 1394 de
543 1360 643 1408 qua
668 1343 846 1395 Cicero
879 1343 1184 1394 mentionem
1213 1345 1310 1394 hoc
1345 1346 1459 1395 loco
1483 1361 1587 1394 non
1611 1343 1891 1395 facit—fuit

218 1424 352 1474 enirn
386 1442 580 1476 summe
613 1425 988 1490 popularis—ut
1020 1427 1321 1476 frumentum
1355 1427 1543 1491 populo
1578 1427 1717 1491 quod
1744 1435 1893 1476 antea
1936 1427 1955 1489 ξ

217 1506 348 1556 senis
390 1506 514 1556 aeris
549 1523 608 1557 ac
641 1506 901 1558 trientibus
937 1507 989 1556 in
1019 1506 1238 1572 singulos
1274 1506 1471 1558 modios
1501 1508 1711 1558 dabatur
1742 1506 1890 1573 gratis
1932 1544 1934 1546 -

218 1588 445 1637 daretur:
482 1589 687 1639 alteram
721 1606 785 1638 ne
818 1588 929 1653 quis
961 1606 1049 1654 per
1082 1605 1168 1639 eos
1193 1588 1300 1639 dies
1334 1589 1516 1654 quibus
1553 1606 1667 1639 cum
1700 1590 1889 1654 populo
1931 1574 1946 1640 ’ἶ

216 1668 294 1733 agi
319 1668 487 1720 liceret
520 1672 585 1720 de
618 1673 757 1720 caelo
788 1680 1002 1721 servaret
1019 1689 1033 1733 3
1068 1680 1269 1735 propter
1304 1687 1455 1736 quarn
1481 1671 1787 1736 rogationem
1821 1670 1889 1724 ait

163 1754 194 1802 8
217 1752 377 1815 legem
403 1750 597 1801 Aeliam
628 1762 676 1802 et
709 1753 920 1815 Fufiam,
945 1754 1317 1817 propugnacula
1349 1762 1398 1802 et
1424 1761 1591 1803 muros
1621 1751 1890 1818 tranquilli·

217 1831 329 1881 tatis
353 1841 504 1898 atque
530 1832 631 1894 otii,
660 1850 880 1883 eversam
901 1850 1009 1884 esse
1027 1833 1427 1895 3—-obnuntiatio
1452 1834 1586 1884 enim
1612 1851 1711 1899 qua
1730 1834 1889 1900 perni-
1936 1823 1945 1853 ³

218 1912 364 1963 ciosis
402 1913 593 1978 legibus
635 1913 967 1977 resistebatur,
1006 1931 1156 1979 quam
1196 1914 1339 1965 Aelia
1376 1917 1453 1966 lex
1495 1917 1884 1978 confirmaverat,
1936 1941 1944 1960 ι

217 2003 319 2044 erat
355 1994 631 2046 sublata—z
675 1994 867 2046 tertiam
908 1997 973 2046 de
1011 1995 1229 2061 collegiis
1283 1995 1598 2047 restituendis
1645 1997 1888 2063 novisque
1941 2000 1945 2006 ’

217 2075 547 2137 instituendis,
601 2094 729 2142 quae
786 2077 855 2126 ait
914 2094 972 2127 ex
1031 2077 1339 2128 servitiorum
1399 2080 1536 2128 faece
1589 2079 1887 2130 constituta:
1936 2071 1946 2145 ’ξ

217 2167 442 2222 quartam
480 2176 543 2209 ne
580 2176 730 2224 quem
764 2176 994 2210 censores
1020 2159 1070 2209 in
1101 2169 1276 2210 senatu
1312 2162 1525 2225 legendo
1550 2161 1883 2226 praeterirent,
1942 2220 1945 2232 ὃ

217 2256 342 2289 neve
375 2256 474 2304 qua
502 2240 774 2305 ignominia
806 2241 1070 2301 afficerent,
1104 2240 1199 2290 nisi
1225 2241 1310 2306 qui
1335 2243 1469 2306 apud
1506 2259 1592 2292 eos
1624 2251 1898 2294 accusatus
1940 2251 1954 2287 T·

216 2330 266 2370 et
290 2320 545 2385 utriusque
578 2321 795 2372 censoris
828 2322 1072 2371 sententia
1108 2324 1372 2373 damnatus
1406 2332 1547 2373 esset.
1623 2326 1737 2374 Hac
1769 2341 1887 2390 ergo

273 2462 298 2499 3
328 2456 370 2490 te
392 2456 435 2490 et
453 2455 622 2491 tacente
643 2454 698 2492 Σ;
733 2457 777 2490 et
794 2456 962 2491 tacente
977 2457 1020 2490 te
1038 2451 1116 2492 Cic.
1230 2466 1255 2501 4
1284 2451 1411 2492 Aelia
1425 2458 1468 2492 et
1486 2452 1519 2492 F
1521 2465 1613 2492 usia
1629 2453 1684 2504 (F
1686 2454 1770 2494 ufia
1787 2453 1895 2509 Cic.)

216 2503 268 2548 P.
293 2503 403 2545 Cic..
443 2504 567 2544 Aliae
590 2506 693 2557 (elie
713 2505 766 2544 M
769 2509 784 2558 )
807 2506 840 2544 F
842 2518 932 2545 usxa
953 2505 1042 2545 SM
1165 2518 1190 2556 5
1220 2519 1396 2547 eversae
1416 2513 1516 2546 sunt
1533 2507 1710 2559 Pighius
1727 2507 1938 2562 (contra
1951 2506 1953 2513 ²

219 2558 319 2611 Cic.)
487 2572 509 2608 7
541 2559 751 2606 tuleratz,
766 2573 868 2600 corr.
893 2560 943 2610 ς’,
963 2558 1170 2600 Lodoicus
1310 2561 1336 2599 8
1364 2562 1570 2611 quaedam
1593 2575 1704 2601 nova
1723 2576 1779 2602 ex
1801 2562 1878 2605 Cic.
1936 2587 1953 2617 ,ς

215 2613 287 2665 ac]
309 2618 438 2664 atque
458 2612 496 2652 S
677 2627 705 2665 9
733 2611 795 2665 in]
827 2620 873 2654 ut
894 2618 937 2663 Σ,
959 2627 1058 2654 corr.
1080 2615 1131 2665 ς’,
1154 2615 1359 2655 Beraldus
1543 2628 1589 2655 11
1622 2629 1802 2657 censura
1822 2622 1884 2659 Στ
1938 2637 1953 2662 „a

215 2669 422 2708 severitas
445 2667 521 2708 Cic.
546 2683 555 2707 :
586 2669 781 2708 censoria
799 2670 1007 2709 severitas
1027 2668 1086 2709 ed.
1109 2669 1209 2710 Ald.
1327 2682 1376 2709 12
1405 2669 1456 2710 A.
1480 2669 1589 2710 ΚΞ·
1579 2700 1589 2710 .
1619 2676 1663 2710 et
1683 2675 1742 2712 Σ·
1733 2701 1742 2711 .
1769 2677 1812 2711 et
1825 2671 1878 2712 A.
1901 2699 1903 2702 .
1935 2668 1953 2717 11

216 2721 441 2761 Manutius
635 2734 684 2773 13
724 2724 1010 2764 annonianam
1051 2727 1095 2772 Σ,
1135 2736 1234 2764 corr.
1276 2723 1476 2764 Graevius
1675 2727 1724 2765 16
1765 2727 1901 2767 senis
1950 2738 1953 2765 3

217 2779 275 2816 Σε
317 2777 446 2816 semis
465 2776 514 2827 (Γ,
539 2776 787 2817 Manutius:
816 2778 1063 2818 semissibus
1088 2777 1303 2818 Turnebus
1490 2791 1540 2819 ac
1574 2779 1798 2820 trientibus
1818 2781 1858 2822 ς’
1869 2794 1879 2820 :

215 2830 492 2870 acirientibus
525 2830 643 2871 PM:
686 2832 919 2872 arientibus
950 2831 988 2872 S
1145 2832 1288 2883 grauis
1321 2832 1359 2872 S
1577 2845 1628 2883 19
1674 2834 1800 2874 aliam
1840 2839 1883 2876 et

214 2884 368 2924 fusiam
388 2884 475 2924 SM
490 2899 500 2924 :
531 2885 678 2926 fusiam
700 2892 742 2925 et
764 2886 887 2925 eliam
909 2886 951 2925 P
1157 2900 1210 2927 20
1237 2899 1389 2927 euersa
1419 2890 1462 2938 Σ,
1495 2899 1593 2927 corr.
1627 2887 1881 2928 Manutius-z

165 2973 169 2976 .
217 2951 391 2978 eversas
425 2938 602 2991 Madvzgr
782 2941 977 2990 pernicio
1011 2940 1061 2979 M
1239 2954 1291 2992 23
1320 2954 1444 2991 quam
1475 2942 1534 2982 ait
1565 2954 1619 2981 ex
1644 2941 1710 2981 P:
1753 2954 1894 2993 quamv
1950 2936 1952 2939 ’

216 2998 261 3032 ut
284 2996 342 3045 <Et
362 2993 418 3044 S)
441 2999 484 3033 et
504 2994 600 3045 SM,
620 3006 720 3033 corr.
750 2994 970 3034 Manutius
1134 2998 1402 3035 constitutam
1425 2998 1469 3046 Σ,
1490 3009 1591 3037 corr.
1611 2995 1833 3037 Manutius
