1988 3334
239 127 298 173 16
891 123 1122 175 ASCON
1127 125 1238 175 IVS

330 195 376 205 -κ,

234 264 408 313 modo
462 279 778 328 numquam
826 265 1077 324 fuerunt,
1124 265 1224 314 sed
1280 281 1352 315 ne
1397 276 1498 328 quo
1546 266 1720 315 modo
1767 265 1877 316 fier
1941 325 1947 331 ,

231 343 470 408 quidem
507 346 757 409 posthac
792 344 1017 410 possint
1052 362 1289 410 possum
1337 347 1460 396 ullo
1506 355 1680 412 pacto
1716 349 1897 418 suspi-

235 425 367 476 cari
1951 487 1953 490 .

299 509 391 558 Cn.
421 507 649 573 Pompeii
673 509 819 559 ludos
844 507 1086 573 significat
1111 509 1292 574 quibus
1312 510 1557 560 theatrum
1581 526 1612 560 a
1635 526 1688 560 se
1712 511 1844 560 factu
1894 548 1898 553 ,

229 588 491 650 dedicavit,
502 589 683 654 quibus
698 589 828 641 ludis
844 591 1220 656 elephantorum
1236 607 1455 656 pugnam
1470 590 1658 657 primus
1672 591 1845 644 omniu
1859 615 1884 638 ι.
1935 586 1959 668 [Ι

231 671 371 722 dedit
394 671 446 720 in
472 671 634 723 Circo.

715 856 873 904 VER.
913 857 960 904 A
996 855 1225 906 NOVIS.
1265 858 1408 905 DLX

296 964 343 1031 (ξ
369 966 471 1031 68.)
509 968 614 1016 Est
661 965 900 1031 quidam
948 968 1210 1018 Graecus
1258 968 1360 1034 qui
1400 986 1529 1020 cum
1578 968 1695 1020 isto
1736 969 1880 1021 vivit
1947 1011 1949 1016 ,

229 1049 416 1110 homo,
466 1064 600 1099 vere
647 1056 708 1098 ut
753 1047 1122 1099 dicam—sic
1170 1048 1326 1099 enim
1373 1050 1867 1115 cognovi—hum
1936 1055 1946 1118 ξ

229 1146 348 1190 nuS,
390 1130 492 1179 sed
534 1138 650 1178 tarn
685 1128 786 1180 diu
827 1146 998 1193 quam
1032 1130 1132 1181 diu
1173 1139 1439 1189 auteum
1487 1130 1624 1181 aliis
1671 1140 1760 1182 est
1798 1148 1900 1182 au
1936 1130 1957 1152 ⁸

228 1210 355 1275 ipse
391 1228 602 1261 secum.
1934 1207 1940 1226 ”

296 1291 649 1342 Philodemum
683 1291 926 1357 significat
958 1291 1044 1358 qui
1073 1292 1164 1343 fuit
1195 1293 1469 1358 Epicureus
1498 1293 1582 1344 illa
1615 1302 1777 1345 aetate
1812 1311 1870 1343 n·

227 1372 510 1434 bilissimuS,
549 1373 690 1424 cuius
726 1383 776 1425 et
810 1383 1043 1439 poemata
1077 1382 1193 1424 sunt
1227 1374 1422 1425 lasciva.

578 1585 716 1636 CIR.
756 1587 915 1636 VER.
955 1588 1003 1634 A
1040 1587 1271 1637 NOVIS.
1311 1587 1546 1639 CCCXX

299 1692 342 1759 (ξ
367 1692 471 1759 82.)
509 1694 891 1759 Quamquam,
931 1696 1093 1759 quod
1128 1695 1199 1745 ad
1236 1712 1325 1745 me
1359 1694 1588 1758 attinet,
1949 1762 1952 1766 Δ

233 1791 551 1839 numquam
588 1775 759 1825 istam
796 1775 1139 1826 imminuam
1175 1792 1371 1826 curam
1408 1776 1733 1828 infitiando
1769 1777 1878 1827 tibi
1949 1772 1951 1777 ’

298 1859 460 1921 Prope
489 1856 655 1908 notius
691 1865 765 1908 est
801 1873 952 1921 quam
988 1866 1043 1908 ut
1074 1857 1402 1908 indicandum
1437 1857 1499 1909 sit
1534 1859 1669 1909 hunc
1700 1875 1843 1910 versu
1874 1883 1883 1903 ι
1940 1899 1943 1906 .

227 1954 335 1989 esse
360 1939 416 1989 L.
443 1937 568 1989 Acci
591 1947 769 2004 poetae
793 1947 842 1990 et
866 1938 967 1990 dici
989 1955 1020 1990 a
1043 1940 1262 2004 Thyeste
1286 1943 1453 1991 Atreo,

150 2151 205 2200 15
654 2134 792 2184 CIR.
832 2135 990 2183 VER.
1030 2136 1075 2182 A
1113 2134 1470 2216 Novis-co

294 2241 339 2305 (ξ
364 2241 468 2307 89.)
506 2242 659 2304 Quod
695 2242 920 2307 populari
949 2242 1018 2291 illi
1048 2243 1291 2295 sacerdoti
1325 2252 1577 2295 sescentos
1608 2245 1673 2296 ad
1711 2245 1892 2297 bestias
1932 2260 1938 2270 “

226 2323 389 2374 socios
413 2322 860 2389 stipendiariosque
884 2323 1072 2374 misisti.

296 2403 621 2455 Manifestum
658 2414 732 2455 est
768 2407 821 2457 P.
862 2404 1098 2457 Clodium
1135 2405 1410 2471 significari.

291 2546 309 2573 1
343 2546 531 2585 unquam
551 2533 594 2572 P
670 2547 754 2585 quo
775 2547 858 2576 om.
883 2538 926 2587 Σ,
945 2535 1080 2589 suppl.
1104 2535 1291 2588 Poggius
1308 2549 1359 2576 cx
1378 2536 1456 2577 Cic.
1554 2537 1723 2589 quidem
1745 2539 1837 2579 fieri
1878 2544 1890 2556 ¹

231 2601 256 2628 2
279 2588 474 2641 possum]
497 2595 677 2639 possunt
711 2588 749 2629 S
837 2565 984 2643 pac’to]
1007 2590 1132 2630 modo
1155 2589 1224 2642 Pl,
1247 2603 1349 2631 corr.
1365 2590 1557 2644 Poggzus
1682 2606 1706 2646 7
1736 2606 1767 2633 A
1788 2605 1873 2633 vis
1898 2599 1899 2602 ’
1942 2592 1944 2635 ἶ

230 2641 311 2682 SP
388 2643 415 2682 8
443 2643 611 2693 quidem
631 2642 727 2682 PM
832 2658 860 2696 9
887 2657 991 2684 uere
1011 2650 1057 2684 ut
1077 2647 1135 2686 Σ.
1164 2649 1209 2684 ut
1227 2657 1330 2685 vere
1352 2644 1430 2685 Cia
1444 2646 1527 2686 cod.
1547 2646 1588 2685 V
1682 2661 1733 2688 10
1749 2659 1875 2699 quam
1941 2659 1944 2695 ξ

229 2697 302 2738 diu
322 2695 419 2737 add.
442 2696 504 2738 ed.
522 2696 627 2739 Ald.
648 2711 699 2737 ex
719 2697 799 2739 Cic.
947 2705 1021 2739 aut
1045 2711 1137 2739 cum
1159 2702 1191 2740 Σ
1213 2699 1291 2740 cia
1312 2699 1399 2740 cod.
1426 2699 1467 2738 V
1477 2705 1570 2741 teste
1588 2699 1772 2742 Stmbel:
1801 2715 1851 2743 cu
1865 2721 1884 2738 ι,
1940 2717 1943 2746 1

228 2755 310 2792 cett.
332 2750 446 2791 codd.
470 2750 548 2792 cic.
693 2764 743 2791 12
771 2752 1016 2793 filodemum
1035 2753 1100 2793 P:
1130 2753 1217 2794 filio
1239 2754 1409 2794 demum
1430 2752 1522 2794 SM
1647 2767 1696 2807 13
1725 2756 1882 2797 lascivi
1940 2773 1942 2787 ¹

230 2805 269 2846 S
406 2818 453 2855 14
481 2817 626 2846 auvos
647 2804 727 2846 SP
881 2809 931 2847 16
959 2808 1005 2848 in
1024 2806 1224 2848 faciendo
1250 2805 1289 2849 S
1478 2822 1526 2859 17
1557 2808 1823 2851 iudicandum
1886 2854 1896 2866 .

229 2873 328 2901 corr.
369 2858 577 2900 Bemldus
763 2873 814 2912 19
842 2873 984 2903 novis.
1006 2860 1066 2903 ed.
1102 2861 1245 2902 Iunt.:
1294 2873 1354 2903 uo
1384 2861 1464 2902 SP
1673 2877 1721 2905 21
1754 2865 1884 2906 soci·-

228 2914 514 2966 stipendarios
533 2927 705 2966 quoque
725 2920 768 2967 Σ,
793 2929 897 2958 corr.
923 2917 982 2958 ed.
1009 2916 1106 2957 Ven.
1129 2930 1139 2956 :
1168 2917 1328 2958 amicos
1347 2917 1575 2969 sociosque
1596 2918 1674 2960 Cic.
