1988 3334
222 131 285 193 36
879 131 1225 182 Ascomvs

332 199 368 206 -χ

218 267 378 317 visum
398 277 472 319 est
497 268 819 334 optimatibus
843 269 995 320 tutius
1015 286 1124 321 esse
1149 287 1264 321 eum
1290 270 1682 322 consulemsine
1700 272 1902 337 collega

220 349 384 410 creari,
424 359 474 401 et
503 367 618 401 cum
652 360 858 402 tractata
889 369 948 402 ea
980 369 1056 403 res
1095 361 1225 403 esset
1257 352 1308 402 in
1331 361 1535 423 senatu,
1562 354 1694 404 facto
1729 352 1781 403 in
1813 355 1886 403 M.
1938 340 1963 387 Γ

221 431 388 482 Bibuli
435 433 733 483 sententiam
787 436 833 484 S.
885 435 943 486 C.
995 434 1265 499 Pompeius
1317 435 1383 485 ab
1430 434 1672 500 interrege
1719 434 1889 486 Servio
1961 474 1963 486 .

219 512 440 578 Sulpicio
465 529 498 562 v
525 516 637 564 Kal.
672 517 817 564 Mart.
854 531 1027 565 mense
1059 515 1370 566 intercalario
1395 518 1570 567 consul
1600 525 1791 567 creatus
1816 533 1844 566 e
1898 582 1900 587 ,

219 593 485 658 statimque
517 596 832 645 consulatum
851 595 983 646 ·ini-it.
1059 596 1258 647 Deinde
1290 606 1404 662 post
1435 596 1571 648 diem
1602 596 1801 648 tertium
1826 598 1900 649 de
1938 591 1963 666 ff

219 675 410 740 legibus
442 676 584 727 novis
621 677 837 727 ferendis
873 677 1088 728 rettulit:
1130 680 1255 729 duas
1281 695 1340 729 ex
1373 681 1419 730 S.
1460 680 1518 731 C.
1545 678 1888 744 promulgavit,
1943 699 1963 745 ’Ξ

219 758 423 807 alteram
456 759 520 808 de
546 757 592 808 vi
629 775 729 823 qua
760 759 1056 810 nominatim
1090 762 1297 811 caedem
1334 760 1385 810 in
1410 760 1576 826 Appia
1599 760 1678 810 via
1709 762 1891 812 factam
1936 755 1962 832 ‚J

220 847 269 888 et
294 838 583 890 incendium
621 841 785 891 curiae
822 851 871 892 et
895 843 1105 892 domum
1133 845 1203 892 M.
1234 842 1413 908 Lepidi
1444 842 1699 907 interregis
1737 859 1892 908 oppu-
1937 880 1962 906 ,η

220 929 422 983 gnatam
439 922 836 986 comprehendit,
855 925 1061 973 alteram
1077 925 1142 974 de
1159 923 1382 974 ambitu:
1418 940 1582 988 poena
1605 923 1826 989 graviore
1841 932 1891 975 et
1935 933 1962 973 εἰ,

220 1002 379 1052 forma
410 1002 709 1053 iudiciorum
735 1004 971 1055 breviore.
1045 1008 1269 1070 Vtraque
1306 1004 1439 1055 enim
1473 1007 1551 1054 lex
1576 1004 1717 1070 'prius
1742 1013 1884 1055 test·
1935 1002 1945 1010 ’

221 1083 339 1144 dari,
381 1084 566 1135 deinde
605 1103 707 1136 uno
746 1086 828 1137 die
864 1095 1015 1151 atque
1052 1089 1232 1138 eodem
1272 1096 1321 1137 et
1356 1088 1420 1137 ab
1455 1095 1745 1138 accusatore
1780 1094 1830 1137 et
1870 1110 1901 1130 :—
1943 1077 1945 1081 ¹

220 1181 305 1214 reo
337 1166 552 1230 perorari
588 1166 806 1228 iubebat,
835 1167 903 1217 ita
939 1177 993 1217 ut
1026 1169 1156 1218 duae
1186 1170 1337 1219 horae
1365 1167 1655 1229 accusatori,
1682 1177 1778 1218 tres
1808 1185 1895 1218 re·
1936 1166 1961 1206 -l

221 1248 466 1297 darentur.
542 1248 639 1298 His
676 1249 866 1314 legibus
901 1250 1141 1301 obsistere
1180 1253 1251 1301 M.
1281 1250 1480 1302 Caelius
1517 1260 1571 1301 tr.
1605 1252 1670 1315 pl.
1709 1249 1866 1301 studi·
1890 1275 1897 1308 ι,
1959 1312 1961 1329 ἱ

221 1327 442 1379 sissimus
481 1330 687 1381 Milonis
729 1341 938 1382 conatus
975 1341 1063 1393 est,
1103 1334 1242 1397 quod
1277 1341 1327 1383 et
1362 1331 1671 1397 privilegium
1707 1331 1899 1383 diceres..
1931 1331 1943 1382 ἰ

222 1411 272 1459 in
294 1411 539 1462 Milonem
565 1413 676 1463 ferri
702 1421 751 1463 et
771 1413 959 1464 iudicia
983 1413 1307 1479 praecipitari.
1365 1417 1430 1464 Et
1455 1431 1570 1464 curn
1595 1412 1895 1479 pertinacia

222 1494 354 1558 leges
403 1493 603 1546 Caelius
645 1494 958 1561 vituperaret,
1003 1513 1064 1546 eo
1106 1496 1346 1561 processit
1387 1495 1488 1546 irae
1530 1495 1800 1561 Pompeius
1841 1510 1896 1546 uf
1933 1488 1961 1542 Ἣ

134 1585 199 1632 32
222 1575 422 1636 diceret,
445 1575 485 1626 si
510 1585 715 1627 coactus
740 1586 883 1638 esset,
911 1577 1059 1627 armis
1079 1594 1132 1628 se
1157 1595 1260 1628 rem
1285 1577 1539 1643 publicam
1559 1579 1895 1628 defensurum

222 1656 455 1707 Timebat
490 1667 658 1708 autem
696 1658 966 1723 Pompeius
998 1658 1244 1709 Milonem
1281 1676 1368 1710 seu
1405 1659 1578 1709 timere
1614 1675 1666 1709 se
1703 1658 1893 1708 simula
1939 1703 1941 1706 .

223 1739 336 1789 bat:
384 1741 677 1804 plerumque
719 1757 822 1790 non
870 1740 1009 1791 domi
1048 1757 1176 1791 suae
1220 1742 1308 1792 sed
1357 1741 1409 1790 in
1450 1740 1604 1791 hortis
1644 1740 1892 1790 maneba
1934 1795 1939 1801 .

222 1819 375 1885 idque
434 1820 598 1885 ipsum
652 1821 703 1870 in
751 1821 1087 1886 superioribus
1134 1821 1272 1872 ‘circa
1319 1838 1445 1886 quos
1505 1821 1654 1872 etiam
1715 1823 1893 1887 magn
1931 1846 1959 1877 μ

223 1919 398 1952 manus
424 1902 634 1952 militum
662 1904 952 1954 excubabat.
1024 1906 1261 1954 Senatum
1288 1920 1490 1969 quoque
1515 1905 1668 1954 semel
1693 1911 1881 1969 repent·
1927 1898 1935 1931 ²

223 1983 476 2034 dimiserat
531 1984 812 2049 PompeiuS‚
865 1986 1003 2050 quod
1058 1985 1244 2035 diceret
1297 1985 1471 2036 timere
1518 2002 1571 2035 se
1623 1987 1886 2036 adventus
1931 1974 1949 2022 3

225 2064 443 2115 Milonis,
520 2065 653 2116 Dein
676 2066 903 2130 proximo
933 2075 1106 2117 senatu
1134 2069 1187 2116 P.
1216 2066 1512 2118 Cornificius
1543 2067 1724 2116 ferrum
1750 2065 1867 2116 Mil·
1931 2074 1943 2116 ἲ,

223 2163 338 2196 nem
387 2146 514 2196 intra
560 2146 779 2197 tunicam
827 2147 1011 2198 habere
1058 2149 1123 2198 ad
1171 2149 1331 2198 femur
1376 2147 1630 2212 alligatum
1678 2146 1865 2198 dixerat
1929 2170 1939 2200 τ

225 2231 557 2294 postulaverat
600 2239 654 2280 ut
692 2232 851 2281 femur
889 2232 1113 2294 nudaret,
1153 2240 1201 2282 et
1243 2231 1324 2281 ille
1361 2231 1466 2282 sine
1502 2247 1640 2281 mora
1675 2229 1843 2280 tunica
1873 2242 1889 2274 ι’
1924 2292 1931 2302 .

224 2313 436 2361 levarat:
484 2320 590 2361 tum
631 2313 703 2360 M.
756 2311 934 2363 Cicero
982 2314 1340 2363 exclamaverat
1388 2311 1557 2362 omnia
1604 2311 1673 2361 illi
1720 2309 1876 2361 simil'
1940 2326 1945 2348 2

223 2392 430 2442 crimina
465 2409 572 2443 esse
608 2409 737 2458 quae
773 2393 824 2442 in
863 2393 1109 2444 Milonem
1146 2394 1426 2444 dicerentur
1459 2393 1570 2444 alia.

1052 2521 1069 2543 S
1934 2534 1938 2540 .

283 2563 300 2590 1
337 2551 512 2592 eumP:
533 2563 625 2591 cum
639 2550 751 2591 S¹M
761 2551 823 2604 (in
844 2565 928 2605 mg.
946 2551 984 2592 S
1005 2554 1016 2574 ‘
1030 2566 1051 2592 c
1067 2565 1160 2592 eum
1181 2553 1211 2604 ⁷>
1324 2566 1350 2592 2
1379 2558 1513 2592 tracta
1533 2551 1571 2592 S
1685 2564 1709 2602 4
1739 2550 1786 2604 v]
1806 2563 1838 2591 11
1876 2558 1879 2560 ’
1927 2555 1954 2604 ,ἧς

226 2619 247 2656 7
268 2607 398 2657 appia
417 2606 488 2645 uia
507 2606 573 2645 P:
601 2606 769 2657 appiam
789 2607 897 2646 uiam
919 2605 1011 2646 SM
1133 2620 1160 2658 9
1189 2619 1371 2658 poenam
1392 2606 1634 2658 grauiorem
1655 2611 1698 2646 et
1719 2606 1840 2647 form
1867 2628 1869 2638 1
1924 2616 1953 2654 f*

226 2660 478 2701 iudiciorum
494 2660 735 2700 breuiorem
753 2664 797 2711 Σ,
816 2674 918 2702 corr.
933 2660 1102 2701 Richter
1184 2674 1230 2700 11
1254 2661 1357 2701 dare
1373 2664 1418 2710 Σ,
1434 2675 1533 2702 corr.
1548 2659 1773 2701 Manutius
1863 2660 1865 2669 ²
1940 2687 1945 2699 ὅ

226 2727 302 2755 reo
317 2715 360 2753 P
434 2727 484 2765 13
512 2715 714 2755 assistere
735 2713 773 2754 S
869 2728 918 2766 14
948 2715 1237 2768 privilegium]
1260 2715 1555 2767 peruulgatum
1577 2714 1615 2755 S
1689 2716 1740 2754 16
1758 2714 1878 2766 lege
1950 2720 1953 2739 ¹

224 2773 270 2818 Σ,
291 2783 390 2809 corr.
415 2768 496 2809 KS
592 2805 594 2807 .
663 2782 710 2819 17
740 2769 870 2809 armis
889 2782 936 2810 se
956 2770 1071 2810 PM:
1099 2783 1148 2810 se
1159 2770 1295 2814 ‚armis
1314 2768 1353 2809 S
1504 2783 1553 2822 19
1581 2775 1626 2810 et
1646 2768 1869 2820 plerumqu
1928 2815 1940 2820 ..

223 2823 369 2863 Baiter
520 2837 575 2863 20
605 2823 730 2874 idque
750 2824 842 2874 ipse
866 2823 1003 2875 ipsum
1025 2829 1068 2875 Σ,
1092 2838 1191 2865 corr.
1212 2825 1262 2875 ς’,
1287 2823 1490 2864 Lodoz’cus
1599 2823 1844 2874 magnanim
1870 2845 1872 2850 ν
1930 2835 1952 2850 1'

225 2881 266 2928 Σ,
289 2891 388 2917 corr.
413 2876 635 2917 Manutius
827 2891 877 2918 21
911 2878 1089 2918 militum
1110 2879 1163 2917 M
1175 2892 1185 2918 z
1214 2877 1388 2918 multum
1410 2878 1489 2917 SP
1634 2877 1841 2928 repetund
1867 2912 1870 2918 ,
1928 2884 1951 2924 :J

223 2937 316 2972 erat
337 2937 379 2984 Σ,
405 2945 504 2972 corr.
527 2932 672 2972 Baiter
805 2944 859 2982 23
889 2933 1016 2984 deind
1037 2933 1080 2971 P
1213 2943 1266 2982 25
1296 2933 1461 2973 uideret
1482 2938 1526 2983 Σ,
1548 2946 1646 2973 corr.
1670 2930 1847 2972 Manuti
1868 2944 1874 2957 ¹
1926 2937 1939 2970 2¹-

224 2988 278 3025 26
306 2986 466 3026 lauarat
485 2985 796 3037 (-er-M)S¹M
865 2987 1126 3027 exclamat-at
1146 2986 1184 3027 S
1256 2986 1408 3026 similia
1429 2987 1495 3026 P:
1529 2986 1655 3026 simili
1675 2984 1766 3025 SM
1838 2997 1877 3026 ο
1927 3002 1930 3003 ’

223 3054 331 3090 quae
353 3042 396 3079 in
417 3040 481 3079 P:
512 3048 595 3090 que
616 3039 705 3081 SM
759 3041 1003 3081 dicerentur
1018 3044 1150 3094 (—etur
1165 3039 1284 3093 SM).
1308 3040 1405 3081 Alia
1426 3044 1469 3092 Σ,
1494 3054 1595 3081 corr.
1616 3039 1839 3080 Manutius
