1988 3334
207 149 268 194 62
861 143 1206 194 ASCONIVS

329 197 366 204 x

206 285 343 348 quod
368 300 547 348 operae
571 282 798 347 pretium,
817 298 919 332 non
945 284 1104 331 solum
1132 291 1330 346 propter
1347 281 1602 334 Ciceronis
1627 283 1883 334 orationes
1956 288 1958 298 '

205 381 329 429 quas
353 380 443 429 pro
469 363 703 416 Cornelio
728 363 971 413 habemus
997 364 1085 413 sed
1111 362 1259 413 etiam
1285 372 1485 428 propter
1517 372 1674 415 semet
1697 364 1868 429 ipsam.
1936 411 1943 418 ,.

207 445 398 508 Cicero,
441 452 499 495 ut
535 445 642 510 ipse
683 444 942 509 significat,
983 443 1249 509 quatriduo
1291 445 1581 496 Cornelium
1619 446 1844 497 defendit
1859 465 1878 510 ς>
1936 466 1958 506 ,t

206 544 329 591 quas
375 527 597 577 actiones
644 525 912 576 contulisse
959 542 1073 576 eum
1112 525 1164 575 in
1201 527 1326 576 duas
1367 527 1614 579 orationes
1655 538 1888 593 apparet.'

206 608 456 660 Iudicium
481 608 533 659 id
557 607 772 658 exercuit
797 609 859 670 Q.
890 607 1079 657 Gallius
1104 617 1310 672 praetor.
1889 619 1893 621 ’
1936 592 1939 603 ¹

275 750 362 819 [In
393 753 488 801 hac
513 768 663 801 causa
686 760 783 801 tres
808 759 923 801 sunt
948 750 1264 815 quaestiones
1285 771 1294 801 :
1331 750 1502 816 prima,
1530 768 1646 801 cum
1670 751 1733 801 sit
1757 753 1876 803 Cor·
1936 728 1942 745 i

204 836 363 884 nelius
395 850 506 884 reus
539 832 807 884 maiestatis
839 832 960 898 legis
986 832 1261 894 Corneliae,
1288 842 1454 883 utrum
1486 842 1648 883 certae
1680 833 1886 898 aliquae.
1935 848 1958 897 g

204 933 280 966 res
316 915 413 965 sint
448 932 507 965 ea
541 917 649 980 lege
684 916 1072 979 comprehensae
1096 914 1278 979 quibus
1314 915 1430 965 solis
1463 932 1574 966 reus
1606 915 1875 982 maiestatis
1936 922 1958 981 if

204 1006 442 1057 teneatur,
470 998 608 1062 quod
644 1006 881 1061 patronus
918 995 1172 1058 defendit3
1213 1013 1278 1046 an
1314 996 1468 1047 libera
1503 996 1609 1048 eius
1644 985 1876 1063 interpre·

204 1078 326 1129 tatio
361 1078 513 1128 iudici
549 1078 718 1128 relicta
753 1078 831 1140 sit,
860 1079 998 1142 quod
1033 1087 1291 1128 accusator
1324 1079 1570 1144 proponit.
1644 1081 1875 1130 Secunda

117 1173 182 1224 55
205 1169 279 1210 est
325 1177 389 1209 an
437 1162 575 1225 quod
615 1159 877 1212 Cornelius
923 1159 1040 1209 fecit
1078 1164 1173 1211 †ne
1213 1176 1273 1209 ca
1318 1159 1587 1210 maiestatis
1634 1169 1871 1230 teneatur.
1957 1168 1959 1210 i

205 1242 373 1291 Tertia
397 1259 460 1292 an
486 1241 788 1292 minuendae
814 1241 1082 1292 maiestatis
1106 1241 1330 1292 animum
1355 1239 1623 1308 habuerit.]

749 1471 1166 1553 ENARRA
1188 1491 1345 1551 Tm

567 1617 726 1666 VER.
766 1618 812 1665 A
850 1617 1082 1666 PRIMO
1120 1617 1338 1667 CIRCI.
1375 1617 1512 1667 CLX

275 1726 621 1774 Postulatur
645 1726 800 1789 apud
835 1742 922 1775 me
954 1733 1292 1790 praetorem
1325 1725 1576 1790 primum
1606 1728 1677 1776 de
1706 1743 1874 1792 pecu·
1930 1730 1944 1794 ᾗ

204 1807 319 1856 niis
367 1807 730 1872 repetundis
828 1809 1181 1872 Prospectat
1227 1806 1514 1858 videlicet
1561 1808 1882 1860 Cominius.
1930 1801 1935 1850 f

205 1889 347 1954 quid
379 1898 615 1954 agatur:
658 1888 819 1939 videt
851 1888 1123 1939 homines
1156 1891 1399 1939 faeneos
1429 1889 1487 1939 in
1518 1890 1775 1941 medium
1799 1893 1887 1943 ad
1927 1897 1933 1921 ³

204 1972 614 2036 temptandum
654 1971 983 2036 periculum
1022 1971 1339 2036 proiectos,
1837 1962 1875 2038 ἰ
1930 1960 1934 1968 ⁴

272 2052 543 2103 Simulacra
571 2052 730 2116 effigie
754 2053 1015 2103 hominum
1041 2070 1100 2103 ex
1132 2055 1278 2103 faeno
1304 2053 1406 2103 fieri
1432 2054 1659 2104 solebant
1688 2055 1885 2120 quibus
1939 2078 1949 2124 ,3

204 2134 411 2184 obiectis
436 2136 500 2199 ad
525 2136 863 2198 spectaculum
890 2135 1230 2198 praebendum
1257 2134 1381 2185 tauri
1405 2134 1717 2186 irritarentur.
1931 2125 1949 2188 f.

273 2216 469 2279 Quid?
496 2218 779 2266 Metellus
804 2233 1026 2267 summa
1050 2216 1369 2268 nobilitate
1393 2235 1458 2267 ac
1483 2218 1717 2280 virtute,
1739 2236 1868 2269 cum
1947 2219 1956 2262 ss

205 2298 294 2348 bis
331 2298 601 2361 iurasset,
637 2301 818 2349 semel
855 2299 1146 2364 privatim,
1186 2301 1393 2349 iterum
1430 2303 1555 2363 lege,
1595 2300 1868 2365 privatim
1927 2298 1948 2323 '³'

1871 2417 1874 2422 .
1927 2402 1946 2428 »ἱ

263 2441 281 2468 1
314 2441 447 2479 opera
467 2429 594 2468 etiam
615 2428 652 2469 S
835 2442 859 2467 2
889 2430 976 2480 ipffi
996 2429 1038 2468 P
1211 2442 1237 2480 3
1266 2435 1312 2469 ut
1332 2429 1429 2470 add.
1453 2429 1534 2470 KS
1709 2445 1735 2482 4
1763 2443 1871 2482 quas
1928 2429 1946 2482 fi

204 2483 434 2523 Lodoicus:
464 2484 569 2523 duas
591 2487 622 2524 Σ
725 2496 818 2523 cum
842 2485 884 2523 in
906 2488 948 2533 Σ,
973 2497 1073 2523 corr.
1096 2483 1301 2524 Beraldus
1401 2491 1605 2536 appareat
1625 2488 1668 2537 Σ,
1694 2499 1793 2526 corr.
1816 2486 1874 2538 ς’,-
1928 2507 1955 2538 ,ς’

202 2537 411 2578 Beraldus
489 2571 491 2573 .
654 2550 679 2587 5
709 2537 856 2578 Gallus
889 2542 932 2591 Σ,
967 2551 1068 2578 corr.
1108 2538 1332 2579 Manutius
1553 2541 1664 2579 6-12
1697 2552 1782 2580 om.
1815 2538 1871 2593 P„
1942 2538 1955 2595 ’,ς

202 2592 264 2632 ed.
292 2592 338 2643 V,
362 2592 439 2631 alii
584 2594 610 2632 8
639 2599 738 2633 sunt
757 2592 855 2644 SM,
879 2605 978 2633 corr.
1003 2592 1083 2633 KS
1193 2606 1248 2632 ex
1267 2594 1364 2643 lege
1384 2592 1484 2643 SM,
1505 2606 1604 2633 corr.
1629 2594 1819 2635 Momms
1864 2591 1879 2615 '⁵
1945 2614 1947 2626 2

202 2659 231 2698 9
259 2647 611 2696 interpretatione
632 2647 774 2686 iudicii
795 2646 895 2700 SM,
917 2661 1018 2687 corr.
1040 2646 1122 2687 KS
1330 2660 1374 2687 11
1408 2661 1464 2688 ne
1484 2661 1533 2687 ca
1553 2647 1590 2688 S
1609 2663 1618 2688 ε
1646 2661 1702 2688 ne
1721 2662 1773 2689 ea
1792 2649 1846 2688 M
1856 2662 1868 2675 ·
1939 2649 1955 2692 ,ἔ

203 2713 259 2740 ex
279 2714 331 2740 eo
351 2699 432 2740 KS
447 2714 457 2741 :
488 2701 659 2740 nomine
678 2701 838 2741 Purser
949 2714 997 2752 13
1026 2701 1124 2742 add.
1146 2702 1293 2742 Baiter
1402 2715 1449 2752 14
1479 2714 1561 2743 ch
1579 2701 1660 2742 KS
1680 2717 1689 2743 ε
1719 2715 1817 2744 eLxl
1866 2712 1877 2732 ³
1952 2703 1955 2722 ‘

209 2767 257 2805 15
285 2769 310 2795 a
341 2767 409 2794 me
440 2760 641 2806 praetore
671 2758 718 2803 Σ,
750 2768 850 2795 corr.
880 2756 1103 2796 Manutius
1268 2756 1449 2807 primum
1469 2770 1551 2796 om.
1575 2755 1630 2795 M
1850 2765 1876 2794 2.

203 2809 417 2859 proiectos
437 2809 635 2863 Poggz'uS‚
660 2808 713 2848 M
726 2825 736 2850 z
765 2811 979 2861 proiectus
999 2809 1090 2850 SP¹
1313 2823 1363 2862 19
1391 2811 1555 2861 effigies
1582 2811 1708 2861 (-cies
1728 2810 1799 2864 M)
1871 2855 1874 2857 Α
1924 2827 1940 2865 :¹

203 2875 303 2903 corr.
327 2862 474 2903 Baiter
598 2877 651 2903 22
680 2865 876 2915 priuatim
893 2865 1093 2917 Poggt'u8‚
1109 2864 1162 2904 M
1175 2879 1185 2904 z
1213 2865 1333 2915 priua
1365 2894 1549 2905 ......
1587 2864 1624 2905 S
1639 2880 1648 2906 :
1679 2879 1707 2917 p
1929 2885 1936 2893 ·

204 2917 257 2956 P¹
396 2918 543 2957 iterum
565 2918 661 2968 lege
680 2918 813 2971 suppl.
839 2919 883 2958 Κ
882 2918 918 2958 S
1028 2920 1236 2970 priuatum
1258 2925 1378 2970 patre
1397 2923 1444 2969 Σ,
1464 2931 1563 2959 corr.
1587 2920 1633 2958 K
1631 2919 1668 2959 S
