1988 3334
66 31 68 50 .
93 0 138 39 ur·

667 107 743 155 IN
783 105 1232 156 PISONIANAM
1759 117 1784 164 7

113 245 259 299 simo
301 245 425 296 viro
468 254 715 307 mortu0,
759 245 860 310 qui
907 245 1074 295 illum
1128 244 1297 295 cuius
1346 260 1569 308 paucos
1613 261 1783 308 pares

108 327 234 393 *haec
281 326 496 377 civitas
539 326 680 377 tulit
728 343 857 377 curn
897 327 1006 376 hac
1048 326 1392 391 importuna
1429 326 1608 375 belua
1649 342 1785 375 con-

61 373 65 464 i
104 407 291 461 ‘feram
323 438 406 471 —-,
439 410 542 459 sed
578 407 684 459 ille
718 408 1070 474 designatus
1107 409 1333 468 consul,
1376 424 1506 457 cum
1541 405 1782 471 quidam

0 499 7 530 ἰ
60 465 64 576 j
110 498 172 542 tr.
213 491 285 555 pl.
336 507 442 541 suo
488 490 716 541 auxilio
768 489 1084 556 magistros
1137 491 1313 540 ludos
1364 497 1576 539 contra
1624 490 1670 538 S.
1724 490 1780 540 C.

60 573 302 624 &facere
360 572 650 633 iussisset,
707 571 973 637 privatus
1038 571 1173 622 fieri
1231 571 1598 622 vetuit.—Tu
1651 588 1783 620 cum

0 667 7 695 ='
59 633 62 695 i
108 653 167 722 in
205 656 330 704 Kal.
377 657 497 706 Ian.
545 654 1047 720 Compitaliorum
1090 654 1219 705 dies
1268 653 1604 714 incidisset,
1656 655 1781 702 Sex,

0 751 2 776 ἱ
58 703 62 767 f
107 736 400 797 Clodium,
442 737 542 802 qui
579 754 894 802 numquam
934 745 1071 787 ante
1113 744 1525 801 praetextatus
1547 735 1781 798 fuisset,

58 854 60 872 i
99 819 280 870 ‘ludos
316 821 513 870 facere
545 828 600 870 et
636 827 1076 885 praetextatum
1113 817 1368 869 volitare
1404 833 1614 883 passus
1646 833 1712 865 es,

177 902 230 950 L.
261 899 390 951 Iulio
416 902 473 952 C.
504 900 697 951 Marcio
730 900 1019 951 consulibus
1045 917 1172 964 quos
1209 909 1259 950 et
1294 899 1401 965 ipse
1426 899 1605 951 Cicero
1639 916 1786 963 supra

72 983 398 1033 >memoravit
457 991 656 1032 senatus
712 984 943 1033 consulto
991 982 1200 1046 collegia
1246 982 1442 1032 sublata
1494 990 1609 1031 sunt
1657 997 1785 1045 quae

56 1112 57 1117 ,
94 1052 339 1116 7'adversus
380 1081 485 1114 rem
526 1063 780 1128 publicam
819 1063 1117 1115 videbantur
1158 1080 1267 1114 esse
1307 1064 1578 1113 constituta.
1653 1064 1787 1112 Sole-

55 1226 57 1236 ’
97 1226 325 1280 *vicorum
349 1227 612 1290 faciebant,
641 1227 1018 1292 Compitalicios
1043 1226 1351 1293 praetextati,
1376 1226 1463 1291 qui
1487 1225 1594 1276 ludi
1626 1226 1786 1275 subla-

2 1344 6 1352 ,
91 1309 166 1378 ¹{tis
207 1309 426 1375 collegiis
468 1309 679 1360 discussi
720 1319 848 1359 sunt.
924 1313 1045 1360 Post
1092 1325 1144 1358 V1
1194 1308 1378 1359 deinde
1425 1325 1585 1358 annos
1633 1325 1784 1372 quam

53 1416 75 1458 μ
95 1389 299 1470 ‘gs-,sublata
334 1402 473 1443 erant
511 1396 565 1442 P.
593 1392 803 1444 Clodius
841 1402 895 1442 tr.
936 1395 1000 1457 pl.
1036 1394 1144 1457 lege
1181 1394 1279 1442 lata
1314 1391 1525 1442 restituit
1562 1390 1783 1456 collegia.

52 1467 353 1541 {Invidiam
391 1491 507 1538 ergo
544 1483 592 1524 et
629 1473 816 1524 crimen
852 1474 1190 1523 restitutorum
1225 1475 1416 1523 confert
1449 1472 1500 1521 in
1531 1472 1782 1534 Pisonem,

92 1553 255 1636 &¹¹0ss
284 1573 399 1606 curn
435 1558 611 1606 consul
648 1565 791 1617 esset,
818 1573 992 1619 passus
1027 1555 1089 1605 sit
1127 1564 1243 1605 ante
1280 1572 1430 1619 quam
1470 1556 1549 1604 lex
1581 1556 1785 1604 ferretur
1808 1572 1839 1624 7

91 1635 263 1688 Tacere
287 1640 407 1687 Kal.
435 1641 643 1687 Ianuar.
684 1640 1044 1702 praetextatum
1081 1639 1226 1688 ludos
1264 1639 1371 1687 Sex.
1406 1636 1658 1688 Clodium.
1734 1638 1784 1685 Is

90 1718 195 1770 ''suit
231 1719 637 1769 familiarissimus
675 1720 843 1771 Clodii
880 1729 928 1770 et
965 1737 1227 1784 operarum
1265 1718 1622 1770 Clodianarum
1667 1719 1781 1779 dux,

50 1794 206 1870 ῥῖᾳυο
240 1811 442 1852 auctore
477 1811 652 1866 postea
687 1803 822 1851 illato
858 1803 923 1852 ab
960 1802 1030 1851 eis
1068 1818 1274 1866 corpore
1300 1799 1467 1852 Clodii
1500 1799 1636 1849 curia
1668 1817 1783 1849 cum

65 1884 67 1891 ⁴
106 1900 166 1935 eo
207 1883 410 1934 incensa
451 1893 538 1934 est.
613 1886 756 1947 Quos
793 1885 938 1935 ludos
975 1894 1095 1934 tunc
1131 1893 1334 1948 quoque
1377 1881 1482 1932 fieri
1520 1882 1784 1946 prohibere

49 1987 51 1993 ’
89 1956 362 2038 {temptavit
399 1968 458 2017 L.
486 1965 703 2016 Ninnius
739 1975 794 2016 tr.
822 1968 887 2031 pl.
962 1968 1096 2016 Ante
1133 1964 1392 2015 biennium
1429 1973 1597 2014 autem
1631 1981 1782 2029 quam

48 2095 50 2117 ἱ
94 2039 474 2118 {restituerentur
509 2048 730 2113 collegia,
761 2050 822 2111 Q.
854 2050 1089 2099 Metellus
1117 2050 1264 2099 Celer
1294 2049 1470 2097 consul
1495 2046 1783 2110 designatus

94 2129 364 2195 <magistros
393 2129 615 2180 vicorum
652 2131 799 2180 ludos
833 2129 1212 2195 Compitalicios
1249 2131 1410 2180 facere
1446 2127 1784 2194 prohibuerat,

47 2197 161 2267 &ut
207 2212 385 2264 Cicero
433 2212 594 2273 tradit,
636 2211 862 2277 quamvis
909 2221 1112 2262 auctore
1160 2211 1360 2262 tribuno
1408 2210 1567 2276 plebis
1611 2212 1785 2261 fierent

46 2284 49 2330 *³
87 2283 209 2365 j-ludi
227 2313 240 2358 3
276 2294 416 2345 cuius
441 2293 626 2345 tribuni
651 2311 837 2345 nomen
861 2295 1027 2343 adhuc
1052 2311 1156 2343 non
1181 2293 1362 2344 inveni.

70 2431 71 2434 ’
163 2438 188 2476 3
217 2426 276 2466 sic
297 2425 369 2465 ille
395 2425 548 2479 (sicilie
569 2425 628 2478 S)
652 2425 821 2466 desicco
841 2426 877 2465 si
897 2438 990 2465 cum
1012 2429 1055 2476 Σ,
1082 2437 1178 2465 corr.
1200 2439 1229 2462 π
1248 2437 1297 2463 ex
1317 2424 1394 2464 Cic.
1598 2438 1621 2473 4
1654 2425 1777 2475 magi·

45 2502 47 2514 ι
89 2485 220 2530 {istros
241 2479 317 2521 Cic.
341 2495 350 2520 :
380 2480 517 2532 magis
538 2480 575 2520 S
588 2494 596 2518 :
628 2493 810 2531 magnos
829 2478 923 2518 PM
1084 2491 1109 2530 5
1139 2486 1183 2519 tu
1205 2492 1299 2519 cum
1320 2479 1362 2518 in
1386 2478 1462 2518 Cic.
1486 2493 1495 2518 ε
1527 2484 1614 2518 tum
1637 2492 1731 2518 cum
1754 2483 1784 2519 Σ

44 2563 46 2580 2
88 2535 136 2574 6
162 2535 415 2575 incidissent
436 2535 547 2575 codd.
574 2535 775 2575 Ciceronis
982 2547 1004 2585 7
1035 2539 1307 2585 praetextato
1329 2534 1453 2573 ludos
1475 2534 1637 2574 faceret
1659 2539 1703 2573 et
1725 2538 1755 2574 Σ
1774 2548 1783 2572 :

45 2624 47 2640 ί
92 2601 206 2630 ¹corr.
224 2590 274 2641 ς,
297 2589 505 2630 Beraldus
523 2603 573 2629 ex
593 2589 671 2631 Cic.
785 2590 811 2628 8
840 2602 887 2629 es
908 2603 991 2629 om.
1007 2592 1052 2637 Σ,
1066 2589 1198 2641 suppl.
1221 2589 1270 2639 ς’,
1292 2588 1352 2629 ed.
1368 2588 1471 2628 Ald.
1494 2602 1543 2627 ex
1563 2588 1640 2629 Cic.
1757 2602 1784 2638 9

88 2641 244 2685 *Mario
265 2648 308 2696 Σ,
333 2658 432 2685 corr.
457 2644 660 2685 Lodoicus
818 2657 863 2684 11
896 2644 1128 2684 constituta
1148 2643 1229 2683 ΚΞ
1246 2658 1255 2682 z
1285 2657 1336 2682 ea
1358 2673 1544 2683 ......
1571 2645 1616 2694 <6
1636 2643 1709 2682 litt.
1733 2643 1779 2694 S,

107 2698 135 2738 8
163 2697 214 2751 P,
253 2711 302 2740 10
333 2699 405 2751 Μ)
566 2713 614 2751 13
642 2699 833 2739 vicorum
865 2698 981 2739 PM:
1010 2699 1205 2738 ludorum
1238 2697 1275 2737 S
1443 2711 1493 2750 14
1522 2710 1566 2737 vx
1599 2698 1784 2737 Rinkes:

106 2764 262 2793 novem
282 2757 313 2795 Σ
332 2768 341 2793 :
370 2766 398 2793 v
419 2754 520 2795 Rau
710 2757 759 2794 16
789 2759 832 2794 et
853 2754 1013 2793 crimen
1036 2767 1119 2793 om.
1141 2753 1178 2793 S
1362 2754 1412 2791 18
1444 2753 1540 2793 Kal.
1566 2752 1655 2793 Ian.
1678 2753 1783 2791 KS:

44 2819 46 2855 ρ
109 2835 397 2848 .........
422 2812 453 2850 Σ
592 2815 907 2860 praetextatum
927 2821 1011 2847 om.
1033 2808 1087 2847 M
1211 2806 1410 2848 cloelium
1431 2806 1524 2846 PM
1539 2822 1548 2847 :
1578 2807 1783 2859 proelium

780 2862 822 2905 ll
930 2861 974 2905 ll

108 2903 154 2955 S,
177 2917 277 2946 corr.
297 2905 356 2946 ed.
387 2906 480 2947 Ven.
694 2919 747 2946 20
778 2906 908 2946 inlato
923 2910 1076 2956 postea
1091 2905 1134 2944 P
1276 2905 1343 2944 his
1365 2907 1408 2957 Σ,
1434 2917 1533 2945 corr.
1559 2903 1785 2944 Manutius

43 2979 45 2982 .
108 2958 227 2999 duria
247 2959 284 2999 S
443 2973 494 2998 22
523 2961 686 3012 autem]
709 2967 809 3000 ante
830 2960 926 3000 add.
953 2963 996 3011 Σ,
1020 2959 1093 3000 del.
1120 2959 1346 3000 Manutius
1510 2973 1562 3009 24
1594 2960 1783 2999 uicorum

107 3013 146 3054 θ’
161 3026 172 3053 z
199 3013 389 3055 ludorum
411 3019 442 3056 Σ
465 3015 532 3068 (cf.
556 3028 593 3057 v.
620 3015 688 3066 13)
