1988 3334
310 137 385 185 IN
426 134 862 186 ORATIONEM
902 133 980 182 IN
1019 133 1211 182 TOGA
1251 131 1582 181 CANDIDA
1723 146 1780 191 91

56 283 223 346 ‚sunt
260 274 305 324 ei
342 283 438 326 tres
474 275 654 325 caedes
689 271 1090 338 proscriptorum.
1166 270 1312 322 Circa
1344 270 1550 320 eosdem
1587 267 1694 318 dies
1730 268 1783 315 L.

43 392 46 431 ἦ
84 367 86 370 ’
109 373 311 422 quoque
338 356 590 407 Bellienus
615 358 880 406 damnatus
905 363 981 405 est
1004 370 1156 418 quem
1182 352 1361 404 Cicero
1387 351 1456 401 ait
1484 351 1787 400 avunculum

43 444 61 522 ,ζ
82 507 84 511 y
109 456 217 490 esse
243 439 503 490 Catilinae.
579 438 682 489 Hic
713 446 881 488 autem
908 435 1196 487 Lucretium
1222 436 1439 487 Ofellam
1473 435 1788 484 consulatum

43 524 61 604 j
109 530 282 572 contra
323 523 631 572 voluntatem
674 522 839 571 Sullae
885 520 951 569 ad
999 519 1305 569 turbandum
1353 525 1536 567 statum
1580 514 1790 565 civitatis

110 613 365 670 petentem
398 603 650 654 occiderat
682 602 819 652 iussu
853 603 1018 652 Sullae
1052 610 1172 651 tunc
1205 599 1473 651 dictatoris.
1550 597 1649 647 His
1674 614 1791 662 ergo

44 673 81 739 ἦ.
110 695 258 752 negat
293 685 519 751 ignotum
556 702 678 746 esse,
706 702 821 735 curn
854 693 904 734 et
942 683 1197 748 imperitos
1231 700 1284 732 se
1316 681 1547 732 homines
1584 698 1692 730 esse
1725 688 1787 738 et,

110 769 321 834 siquem
347 768 495 819 etiam
521 766 896 827 interfecissent,
924 764 1209 830 imperatori
1233 782 1292 814 ac
1316 762 1547 814 dictatori
1571 761 1792 828 paruisse

75 902 78 904 ,
111 851 347 912 dicerent,
375 868 434 901 ac
458 867 638 916 negare
663 866 866 914 quoque
886 855 1112 913 possent:
1151 845 1419 899 Catilinam
1444 862 1561 896 vero
1594 841 1792 893 infitiari

79 935 81 1002 J
111 951 215 984 non
251 950 411 998 posse.
488 932 656 982 Huius
692 941 860 982 autem
897 929 1116 981 criminis
1152 929 1429 995 periculum
1463 929 1602 993 quod
1638 924 1793 977 obicit

51 1036 60 1079 ,ς
115 1015 292 1068 Cicero
334 1032 520 1080 paucos
562 1022 676 1079 post
718 1029 915 1064 menses
959 1011 1175 1063 Catilina
1215 1010 1380 1061 subiit.
1455 1012 1576 1060 Post
1617 1009 1794 1059 effecta

44 1089 45 1109 ¹
113 1097 247 1149 enim
290 1096 493 1147 comitia
531 1095 810 1147 consularia
851 1104 900 1145 et
937 1093 1183 1146 Catilinae
1224 1095 1473 1158 repulsam
1512 1091 1629 1142 fecit
1676 1107 1791 1140 eum

113 1197 252 1231 reum
294 1179 421 1230 inter
462 1178 663 1229 sicarios
703 1181 758 1227 L.
802 1176 1047 1227 Lucceius
1085 1185 1284 1241 paratus
1327 1175 1664 1239 eruditusque,
1706 1172 1793 1238 qui

86 1298 87 1302 =
114 1271 289 1328 postea
312 1263 628 1312 consulatum
653 1276 856 1326 quoque
880 1259 1034 1324 petiit.

186 1347 358 1394 Hanc
399 1353 460 1394 tu
502 1343 685 1393 habes
727 1341 1086 1407 dignitatem
1134 1358 1248 1406 qua
1295 1343 1480 1391 fretus
1529 1357 1617 1390 me
1665 1355 1792 1389 con·
1819 1345 1883 1394 82

56 1429 89 1444 ”
119 1426 335 1476 temnis
372 1434 428 1476 et
452 1424 732 1490 despicis,
760 1442 833 1473 an
870 1441 994 1474 earn
1029 1440 1201 1488 quam
1235 1422 1467 1487 reliqua
1499 1421 1558 1472 in
1583 1422 1702 1472 vita
1735 1439 1794 1472 es

119 1509 519 1558 consecutus?
554 1524 683 1557 cum
713 1506 796 1556 ita
820 1505 1024 1556 vixisti
1056 1514 1119 1555 ut
1151 1521 1269 1555 non
1303 1513 1460 1555 esset
1484 1506 1653 1554 locus
1678 1513 1794 1554 tam

80 1587 85 1626 j
118 1599 363 1640 sanctus
400 1606 515 1654 quo
552 1606 670 1639 non
711 1590 1006 1639 adventus
1049 1597 1198 1649 tuus,
1239 1587 1416 1638 etiam
1454 1603 1583 1637 cum
1620 1589 1797 1651 culpa

118 1663 283 1722 nulla
319 1671 611 1732 subesset,
651 1670 876 1720 crimen
912 1671 1171 1720 afferret.

188 1753 343 1803 Fabia
389 1752 525 1818 virgo
572 1752 787 1803 Vestalis
843 1769 1046 1802 causam
1102 1751 1278 1801 incesti
1334 1751 1536 1811 dixerat,
1588 1767 1703 1800 cum
1752 1750 1797 1800 ei

43 1854 45 1859 ⁴
121 1836 337 1888 Catilina
385 1835 676 1896 obiceretur,
722 1844 924 1899 eratque
971 1834 1214 1884 absoluta.
1290 1836 1436 1883 Haec
1485 1832 1640 1883 Fabia
1681 1832 1799 1898 quia

121 1936 259 1970 soror
300 1927 403 1968 erat
439 1917 704 1968 Terentiae
741 1915 1013 1977 CiceroniS,
1058 1915 1175 1966 ideo
1218 1915 1288 1965 sic
1331 1914 1454 1965 dixit
1475 1934 1484 1964 ε
1534 1914 1712 1965 etiam
1751 1914 1798 1964 si

44 2025 45 2046 ι
121 2003 297 2066 culpa
321 2002 485 2050 nulla
511 2001 799 2050 subesset.
854 2001 932 2048 Ita
951 2008 1000 2049 et
1026 1998 1127 2048 suis
1151 1997 1373 2063 pepercit
1393 2007 1442 2048 et
1466 1997 1623 2047 nihilo
1643 1996 1798 2047 levius

88 2140 90 2142 ,
122 2083 324 2133 inimico
350 2082 533 2132 summi
559 2081 813 2147 opprobrii
837 2080 1199 2145 turpitudinem
1224 2079 1422 2130 obiecit.

191 2167 338 2217 Cum
380 2164 914 2229 deprehendebare
958 2162 1016 2212 in
1057 2161 1386 2223 adulteriiS‚
1430 2180 1559 2212 cum
1602 2164 1802 2227 depre—

44 2253 70 2300 V.
125 2248 430 2299 hendebas
455 2248 765 2298 adulteros
791 2245 1084 2310 ipse,cum
1111 2263 1177 2295 ex
1210 2246 1418 2295 eodem
1454 2255 1659 2310 stupro
1690 2243 1800 2294 tibi

93 2322 95 2330 ¹
125 2341 180 2382 et
204 2348 444 2382 uxorem
470 2340 526 2381 et
546 2329 736 2398 filiam
761 2328 1060 2379 invenisti.

194 2413 389 2463 Dicitur
414 2411 630 2464 Catilina
664 2410 963 2462 adulterium
999 2409 1309 2460 commisisse
1346 2428 1460 2459 cum
1499 2427 1558 2459 ea
1593 2427 1721 2474 quae
1758 2409 1803 2460 ei

68 2504 71 2553 ἶ
126 2505 299 2560 postea
330 2511 499 2544 socrus
532 2493 640 2555 fuit,
665 2502 714 2542 et
750 2511 809 2543 ex
846 2510 906 2543 eo
943 2502 1111 2542 natam
1145 2501 1316 2556 stupro
1349 2492 1548 2542 duxisse
1582 2509 1799 2551 uxorem,

67 2652 70 2668 ⁸
182 2625 208 2663 3
237 2611 405 2652 asellam
426 2611 531 2651 SP:
561 2610 709 2650 astalla
729 2609 792 2659 M,
813 2623 915 2649 corr.
940 2609 1144 2662 Sigonius
1289 2621 1314 2659 5
1343 2609 1380 2649 is
1400 2613 1445 2659 Σ,
1471 2623 1571 2649 corr.
1596 2610 1804 2650 Patm'cius

45 2674 47 2703 4
68 2693 70 2719 ;
128 2669 155 2706 6
174 2667 367 2718 ignarum
384 2670 426 2716 Σ,
444 2678 542 2706 corr.
560 2664 739 2717 Madvig
826 2677 918 2705 cum
942 2693 952 2703 .
978 2693 988 2703 .
1014 2695 1022 2703 .
1045 2677 1142 2704 esse
1158 2677 1242 2702 om.
1262 2663 1299 2703 S
1405 2678 1425 2714 7
1447 2677 1540 2704 cum
1557 2664 1685 2704 etiam
1700 2664 1804 2714 PM,

68 2725 73 2762 ζ
94 2754 97 2755 ⁷
128 2735 230 2762 corr.
255 2721 434 2773 Madvig
571 2722 598 2760 8
627 2726 805 2771 possent
825 2719 920 2759 add.
944 2719 1121 2771 Madvig
1138 2718 1208 2768 (ac
1229 2725 1439 2768 negarent
1459 2732 1623 2770 quoque
1643 2718 1803 2771 Baiter)

44 2798 47 2823 2
71 2812 74 2821 .
133 2789 182 2817 12
212 2776 399 2816 lucullus
422 2781 464 2825 Σ,
489 2788 586 2814 corr.
614 2775 782 2815 Crevier
944 2774 1110 2825 peritus
1129 2773 1339 2814 Beraldus
1519 2786 1566 2824 13
1596 2774 1719 2824 petiit
1738 2773 1804 2813 P:

44 2825 47 2845 ³
131 2831 238 2883 petit
257 2830 349 2872 SM
469 2842 518 2880 15
548 2843 630 2881 qua
645 2833 690 2878 Σ,
704 2843 804 2870 corr.
821 2829 1045 2868 Manutius
1108 2851 1111 2854 >
1156 2829 1317 2879 reliqua
1337 2828 1380 2866 in
1400 2829 1569 2880 scripsi:
1600 2829 1805 2879 reliquam

46 2889 61 2905 ⁵
90 2919 91 2923 ,
133 2889 189 2927 Σε
219 2885 431 2936 reliquum
457 2885 675 2937 Poggius:
705 2884 864 2934 reliqua
885 2882 1108 2923 Manutius
1263 2883 1349 2923 vita
1369 2896 1417 2923 es
1437 2883 1688 2923 Manutius:
1719 2883 1806 2923 uite

60 2964 61 2968 =
88 2943 89 2946 ’
131 2943 164 2980 Σ
358 2953 406 2990 17
437 2941 551 2990 quod
581 2953 666 2979 non
688 2942 730 2987 Σ,
753 2951 852 2978 corr.
875 2937 1084 2978 Beraldus
1287 2951 1339 2987 23
1369 2938 1586 2989 obprobrii
1606 2937 1807 2978 S¹PM2:

46 2998 61 3019 Ψ
91 3014 95 3019 ·
132 2994 326 3045 obprobii
345 2993 457 3035 S²M
619 3007 669 3044 27
703 2993 915 3033 catilinam
936 2991 974 3033 S
995 2991 1115 3044 (dicit
1136 2991 1363 3033 Catilinam
1384 2992 1613 3045 Beraldus)
1755 2994 1808 3033 28

82 3077 92 3084 ,.
133 3056 274 3091 natam
295 3049 346 3099 ς’,
365 3048 494 3089 Orelli
511 3062 519 3088 :
550 3062 647 3089 nam
669 3053 700 3089 Σ
