1988 3334
236 147 267 191 4
766 96 787 105 ’
887 130 1233 182 Ascomvs

842 285 1074 336 PAVLO
1113 286 1285 335 POST

298 390 369 437 de
415 404 525 437 avo
574 387 812 436 Pisonis
860 395 1156 438 materno:
1930 439 1951 460 ,Ι

300 469 415 519 Hic
474 486 604 518 cum
656 487 686 518 a
741 471 917 519 domo
965 470 1269 533 profectus
1332 469 1680 520 Placentiae
1746 471 1898 520 fort
1938 462 1962 533 ’ᾗ

228 551 606 601 consedisset
648 550 855 615 paucis
882 557 1023 615 post
1053 553 1228 601 aunis
1262 551 1320 601 in
1357 568 1480 601 eam
1523 550 1830 602 civitatem

228 650 360 683 nam
408 642 528 683 tum
576 641 796 682 erat...
826 672 835 681 .
867 671 875 681 .
906 671 915 681 .
945 673 954 682 .
985 673 994 682 .
1025 632 1421 684 .—-ascendit.
1526 633 1696 683 Prius
1744 632 1839 684 eni
1876 647 1900 679 ἡ
1935 648 1945 688 3

230 716 452 776 GalluS,
520 713 660 765 dein
731 714 1096 776 Gallicanus,
1169 724 1434 766 extremo
1512 715 1890 767 Placentinu
1948 701 1961 765 ’.ἕ

228 796 437 847 haberi
477 803 703 860 coeptus
741 804 842 846 est.
1947 799 1960 864 J

173 894 209 943 4
299 880 417 928 Hoc
453 878 591 942 quod
627 876 748 927 dicit
790 875 1040 927 civitatem
1076 875 1226 928 fuisse
1261 879 1578 940 Placentiam,
1616 878 1680 929 ab
1723 879 1846 931 eade
1878 883 1902 924 ιῐ
1936 894 1959 931 ¹³,

227 958 546 1024 persuasione
579 948 1077 1029 ponitx'munieipium
1102 957 1266 1010 fuisse.
1339 961 1506 1009 Avum
1538 968 1706 1010 autem
1731 967 1888 1010 mater

228 1059 344 1090 num
384 1039 579 1091 Pisonis
621 1039 783 1105 primo
827 1041 1027 1090 Gallum
1069 1039 1221 1091 fuisse
1260 1038 1376 1091 ideo
1423 1040 1492 1090 ait
1534 1042 1672 1105 quod
1707 1041 1896 1092 veniss
1936 1044 1959 1093 i‘

228 1140 343 1173 eurn
376 1122 428 1171 in
462 1121 658 1172 Italiam
691 1121 813 1172 dicit
838 1129 970 1172 trans
995 1120 1152 1186 Alpis,
1179 1123 1288 1172 dein
1319 1124 1650 1186 Gallicanum,
1675 1124 1813 1188 quod
1848 1122 1898 1195 ig
1932 1120 1945 1177 ,s

230 1204 376 1256 Italia
410 1203 704 1264 consederit,
745 1203 1089 1255 Placentinum
1124 1205 1335 1267 demque,
1373 1213 1639 1269 postquam
1682 1204 1891 1255 adscitu
1930 1209 1943 1229 ‘

229 1287 291 1336 sit
314 1303 344 1336 a
369 1284 681 1336 Placentinis.
756 1287 855 1336 Sed
873 1287 1069 1335 Pisonz's
1096 1303 1216 1335 avus
1250 1287 1409 1336 multo
1441 1295 1555 1352 post
1587 1304 1647 1338 ea
1677 1294 1899 1352 tempor

231 1367 323 1418 fuit
347 1368 529 1433 quibus
556 1367 810 1418 Placentia
835 1367 1034 1423 colonia
1058 1376 1132 1418 est
1157 1368 1388 1420 deducta.

585 1541 806 1592 CIRCA
841 1541 1036 1590 VERS.
1077 1542 1124 1589 A
1161 1540 1526 1591 PRIMO***
1609 1545 1612 1547 ’

299 1643 643 1694 Lautiorem
671 1681 959 1692 ........
988 1651 1157 1707 pater
1208 1651 1344 1692 tuus
1398 1659 1670 1694 socerum
1728 1660 1842 1711 qua
1879 1669 1932 1692 ι.

231 1727 288 1778 C.
335 1725 474 1776 Piso
500 1764 864 1775 ..........
895 1725 953 1774 in
1011 1725 1119 1775 illo
1174 1727 1341 1775 luctu
1389 1742 1531 1776 meo.
1630 1725 1699 1775 Ei
1746 1725 1841 1776 eni
1880 1750 1887 1770 ι

233 1807 422 1858 filiam
460 1824 645 1858 meam
671 1806 967 1857 collocavi
1004 1823 1175 1871 quem
1213 1823 1333 1871 ego,
1371 1808 1426 1856 si
1457 1808 1605 1858 milii
1633 1816 1888 1872 potesta
1927 1861 1931 1866 ,

233 1900 354 1940 tum
428 1888 691 1939 omnium
757 1888 983 1949 fuisset,
1058 1905 1236 1939 unum
1307 1889 1686 1954 potissimum
1752 1891 1933 1941 del.t

231 1987 461 2036 g1ssem.

291 2113 309 2139 1
335 2100 546 2151 prioribus
572 2100 787 2140 continuat
815 2099 866 2150 S,
896 2112 981 2139 om.
1017 2099 1070 2138 M
1276 2112 1302 2150 3
1330 2114 1355 2140 a
1384 2101 1510 2141 domo
1544 2100 1762 2152 profectus
1795 2100 1882 2143 ΚΞ
1927 2107 1931 2119 “

232 2156 286 2195 ad
307 2168 377 2195 om
399 2184 409 2196 .
434 2185 444 2195 .
469 2184 479 2195 .
505 2184 514 2195 .
540 2156 587 2206 (6
606 2153 681 2195 litt.
706 2154 781 2206 M)
806 2157 837 2195 Σ
921 2155 1031 2194 foret
1051 2157 1096 2204 Σ,
1118 2167 1219 2194 corr.
1244 2153 1469 2195 Manutius
1592 2169 1617 2205 4
1648 2157 1840 2197 consedit
1868 2166 1887 2190 ’.ι’

234 2213 279 2261 Σ,
295 2222 394 2250 corr.
410 2209 635 2249 Manutius
788 2209 933 2259 paucis
946 2214 1043 2259 post
1058 2209 1183 2248 annis
1196 2207 1419 2248 Manutius
1436 2223 1446 2249 ε
1467 2211 1590 2260 pauci
1614 2239 1867 2252 ........
1886 2221 1890 2225 “
1928 2240 1947 2249 ι»

233 2267 265 2305 Σ
437 2269 531 2303 erat
563 2292 851 2303 .........
882 2266 940 2304 Σε
970 2263 1119 2303 civitas
1149 2263 1282 2315 suppl.
1318 2262 1567 2304 Manutius:
1596 2265 1736 2304 incola
1765 2271 1891 2319 supp
1946 2287 1948 2299 ι

234 2319 475 2361 Mommsen
577 2320 604 2358 6
634 2317 797 2357 Gallica
829 2347 839 2357 .
864 2347 873 2358 .
899 2347 909 2357 .
934 2321 976 2368 (7
993 2317 1066 2357 litt.
1081 2317 1140 2369 S)
1165 2317 1266 2357 SP:
1296 2317 1459 2358 Gallica
1471 2318 1534 2370 M,
1566 2318 1884 2361 corr.Manutt’
1944 2340 1946 2367 ῃ

233 2378 454 2413 extremus
474 2375 518 2420 Σ,
541 2385 640 2414 corr.
661 2371 885 2411 Manutius
1069 2385 1091 2422 7
1123 2377 1302 2424 coeptus
1327 2372 1552 2413 Manutius
1572 2387 1582 2413 ε
1613 2403 1873 2415 ........
1883 2378 1891 2405 Γ·
1924 2371 1947 2418 ἦ

235 2428 308 2478 (12
327 2427 403 2467 litt.
427 2426 487 2480 S)
510 2430 542 2468 Σ
732 2427 759 2466 8
788 2427 901 2478 quod
923 2426 1028 2467 KS:
1057 2439 1229 2477 quoque
1251 2429 1309 2468 Σε
1340 2440 1509 2478 quoque
1530 2428 1642 2478 quod
1662 2427 1865 2469 Momms
1925 2420 1945 2480 ἰ

235 2482 498 2522 Placentiam
523 2479 606 2520 KS
625 2495 634 2520 :
664 2510 1019 2522 ...........
1043 2511 1054 2539 .·
1090 2486 1120 2523 Σ
1293 2494 1321 2532 9
1350 2482 1471 2532 ponit
1489 2481 1528 2522 S
1541 2496 1550 2521 ι
1589 2483 1709 2534 ponit
1730 2483 1882 2535 place·
1926 2479 1946 2537 tf

235 2537 337 2576 tiam
357 2535 450 2575 PM
516 2541 752 2575 maternum
768 2535 851 2576 KS
862 2549 871 2574 ε
910 2565 1219 2577 ..........
1253 2534 1291 2575 S
1307 2549 1317 2575 ε
1345 2548 1429 2576 om.
1445 2535 1540 2575 PM
1659 2549 1709 2578 10
1729 2538 1868 2578 uenis
1923 2541 1944 2569 *τ

234 2590 300 2631 P:
331 2590 549 2630 inuenisse
579 2588 671 2629 SM
825 2602 870 2629 11
903 2590 1000 2631 dein
1030 2589 1294 2631 Gallicanum
1320 2588 1551 2642 Sigonius:
1585 2620 1943 2643 ..........

235 2644 280 2696 (5
320 2644 393 2685 litt.
429 2643 485 2698 S)
521 2649 552 2686 Σ
738 2657 787 2684 12
816 2644 1001 2698 placenti
1040 2673 1362 2686 ..........
1405 2643 1468 2684 S:
1501 2644 1741 2696 placentiae
1769 2675 1875 2688 .....
1879 2676 1884 2698 ;
1920 2648 1943 2711 J:

235 2700 342 2751 (sine
371 2699 444 2739 lac.
478 2698 535 2752 P)
568 2696 662 2738 PM
674 2711 684 2737 z
723 2700 861 2751 supi,
895 2698 1095 2739 Bic‘cheler
1268 2698 1483 2739 adaccitus
1506 2699 1632 2752 (-aci-
1672 2699 1746 2752 M)
1785 2700 1828 2740 P
1852 2699 1883 2733 ι’
1918 2705 1942 2730 ’“

233 2753 288 2794 ad
325 2753 510 2794 acciatus
548 2751 596 2803 S,
643 2765 743 2793 corr.
835 2754 1010 2794 anutius
1222 2765 1272 2804 13
1301 2752 1484 2804 placenti
1505 2783 1862 2797 ...........

236 2809 308 2861 (12
327 2807 400 2848 litt.
425 2806 475 2857 S,
495 2819 546 2847 10
560 2806 619 2857 M,
644 2820 665 2857 7
679 2806 743 2859 P>
761 2811 820 2849 Στ
848 2808 983 2860 suppl.
1005 2806 1206 2847 Bu’cheler
1297 2818 1346 2858 15
1376 2819 1460 2848 om.
1479 2806 1532 2847 M
1545 2808 1624 2861 (ita
1625 2809 1717 2860 sere
1727 2821 1851 2849 sem
1881 2832 1884 2834 >
1925 2827 1927 2831 ⁴

239 2861 290 2902 16
308 2860 530 2902 lautiorem
551 2889 768 2903 .......
792 2859 910 2903 PM:
934 2861 1008 2903 lac.
1026 2874 1112 2903 om.
1127 2859 1166 2902 S
1289 2874 1336 2912 17
1359 2861 1458 2902 Piso
1480 2890 1804 2904 ..........
1829 2862 1846 2916 (
1874 2902 1877 2904 .
1930 2872 1940 2897 ‘·

234 2914 310 2956 litt.
333 2914 391 2968 P)
414 2919 445 2958 Σ
555 2927 663 2957 meo·
682 2914 733 2955 Ei
754 2916 868 2957 enim
887 2916 1054 2968 scripsi:
1082 2927 1170 2956 non
1189 2915 1299 2957 enim
1322 2914 1413 2957 SM
1426 2931 1435 2957 ι
1463 2928 1551 2956 non
1571 2917 1612 2956 ei
1631 2916 1675 2956 P
1851 2929 1887 2957 1
1928 2940 1930 2966 3

235 2970 399 3011 colloca
420 3000 431 3011 .
455 2999 466 3010 .
490 2999 501 3010 .
525 2969 563 3009 S
579 2983 589 3009 z
619 2968 778 3010 colloca
809 2968 907 3024 PM,
940 2984 1040 3012 corr.
1066 2970 1129 3011 ed.
1154 2970 1249 3010 Ven.
1510 2970 1546 3010 si
1567 2971 1670 3011 mihi
1689 2970 1884 3025 supplem
1928 2977 1929 2981 ’

237 3054 465 3065 .......
492 3024 537 3078 (9
555 3022 630 3066 litt.
654 3023 707 3075 S)
731 3031 763 3066 Σ

1930 1651 1938 1677 ι’

1927 1771 1937 1801 .1

1927 1802 1935 1834 i

1930 1844 1936 1859 p

1928 1954 1933 1965 e

1934 2112 1941 2127 ι,

1928 2140 1932 2157 Ι

1927 2167 1937 2186 θ

1931 2203 1935 2212 ι

1950 1454 1956 1700 i

1945 1939 1952 2228 ἕ
