<?xml version="1.0" encoding="UTF-8"?>
<!DOCTYPE html PUBLIC "-//W3C//DTD XHTML 1.0 Transitional//EN"
    "http://www.w3.org/TR/xhtml1/DTD/xhtml1-transitional.dtd">
<html xmlns="http://www.w3.org/1999/xhtml" xml:lang="en" lang="en">
 <head>
  <title>
</title>
<meta http-equiv="Content-Type" content="text/html;charset=utf-8" />
  <meta name='ocr-system' content='tesseract 3.04.00' />
  <meta name='ocr-capabilities' content='ocr_page ocr_carea ocr_par ocr_line ocrx_word'/>
</head>
<body>
  <div class='ocr_page' id='page_1' title='image "./qasconiipedianio00ascouoft_0051.png"; bbox 0 0 1988 3334; ppageno 0'>
   <div class='ocr_carea' id='block_1_1' title="bbox 648 99 1768 161">
    <p class='ocr_par' dir='ltr' id='par_1_1' title="bbox 648 99 1768 161">
     <span class='ocr_line' id='line_1_1' title="bbox 648 99 1768 161; baseline -0.004 -12"><span class='ocrx_word' id='word_1_1' title='bbox 648 100 724 150; x_wconf 87' lang='lat' dir='ltr'>IN</span> <span class='ocrx_word' id='word_1_2' title='bbox 764 99 1213 152; x_wconf 87' lang='lat' dir='ltr'><strong>PISONIANAM</strong></span> <span class='ocrx_word' id='word_1_3' title='bbox 1737 115 1768 161; x_wconf 85' lang='lat'>9</span> 
     </span>
    </p>
   </div>
   <div class='ocr_carea' id='block_1_2' title="bbox 0 0 154 2909">
    <p class='ocr_par' dir='ltr' id='par_1_2' title="bbox 0 0 154 2909">
     <span class='ocr_line' id='line_1_2' title="bbox 0 0 154 401; baseline 0 -201"><span class='ocrx_word' id='word_1_4' title='bbox 0 0 154 401; x_wconf 95' lang='lat' dir='ltr'>   </span> 
     </span>
     <span class='ocr_line' id='line_1_3' title="bbox 0 401 154 725; baseline 0 -156"><span class='ocrx_word' id='word_1_5' title='bbox 0 401 154 725; x_wconf 95' lang='lat' dir='ltr'>   </span> 
     </span>
     <span class='ocr_line' id='line_1_4' title="bbox 0 725 131 941; baseline 0 -133"><span class='ocrx_word' id='word_1_6' title='bbox 0 725 131 941; x_wconf 95' lang='lat' dir='ltr'>   </span> 
     </span>
     <span class='ocr_line' id='line_1_5' title="bbox 0 941 154 1456; baseline 0 -267"><span class='ocrx_word' id='word_1_7' title='bbox 0 941 154 1456; x_wconf 95' lang='lat' dir='ltr'>    </span> 
     </span>
     <span class='ocr_line' id='line_1_6' title="bbox 0 1456 154 1850; baseline 0 -167"><span class='ocrx_word' id='word_1_8' title='bbox 0 1456 154 1850; x_wconf 95' lang='lat' dir='ltr'>      </span> 
     </span>
     <span class='ocr_line' id='line_1_7' title="bbox 0 1850 154 2201; baseline 0 -81"><span class='ocrx_word' id='word_1_9' title='bbox 0 1850 154 2201; x_wconf 95' lang='lat' dir='ltr'>   </span> 
     </span>
     <span class='ocr_line' id='line_1_8' title="bbox 0 2201 154 2589; baseline 0 -70"><span class='ocrx_word' id='word_1_10' title='bbox 0 2201 154 2589; x_wconf 95' lang='lat' dir='ltr'>    </span> 
     </span>
     <span class='ocr_line' id='line_1_9' title="bbox 0 2589 154 2909; baseline 0 -101"><span class='ocrx_word' id='word_1_11' title='bbox 0 2589 154 2909; x_wconf 95' lang='lat' dir='ltr'>   </span> 
     </span>
    </p>
   </div>
   <div class='ocr_carea' id='block_1_3' title="bbox 52 33 144 245">
    <p class='ocr_par' dir='ltr' id='par_1_3' title="bbox 52 23 144 245">
     <span class='ocr_line' id='line_1_10' title="bbox 132 33 144 46; baseline 0 0"><span class='ocrx_word' id='word_1_12' title='bbox 132 33 144 46; x_wconf 81' lang='lat'>¹.</span> 
     </span>
     <span class='ocr_line' id='line_1_11' title="bbox 60 55 138 69; baseline 0 -3"><span class='ocrx_word' id='word_1_13' title='bbox 60 55 62 62; x_wconf 68' lang='lat'>&gt;</span> <span class='ocrx_word' id='word_1_14' title='bbox 90 63 91 66; x_wconf 68' lang='grc'>,</span> <span class='ocrx_word' id='word_1_15' title='bbox 126 62 138 69; x_wconf 70' lang='grc'>,</span> 
     </span>
     <span class='ocr_line' id='line_1_12' title="bbox 60 71 91 82; baseline 0 -4"><span class='ocrx_word' id='word_1_16' title='bbox 60 71 62 82; x_wconf 72' lang='lat'><strong>,</strong></span> <span class='ocrx_word' id='word_1_17' title='bbox 90 75 91 78; x_wconf 72' lang='grc'>,</span> 
     </span>
     <span class='ocr_line' id='line_1_13' title="bbox 60 91 62 106; baseline 0 0"><span class='ocrx_word' id='word_1_18' title='bbox 60 91 62 106; x_wconf 70' lang='grc' dir='ltr'>,ι</span> 
     </span>
     <span class='ocr_line' id='line_1_14' title="bbox 52 150 113 245; baseline 0 -28"><span class='ocrx_word' id='word_1_19' title='bbox 52 188 54 217; x_wconf 64' lang='lat' dir='ltr'>,l</span> <span class='ocrx_word' id='word_1_20' title='bbox 82 150 113 245; x_wconf 51' lang='grc' dir='ltr'><em>ἰ</em></span> 
     </span>
    </p>
   </div>
   <div class='ocr_carea' id='block_1_4' title="bbox 83 236 1749 375">
    <p class='ocr_par' dir='ltr' id='par_1_4' title="bbox 83 236 1749 375">
     <span class='ocr_line' id='line_1_15' title="bbox 83 236 1749 308; baseline -0.004 -14"><span class='ocrx_word' id='word_1_21' title='bbox 83 241 196 297; x_wconf 51' lang='lat' dir='ltr'>*faus</span> <span class='ocrx_word' id='word_1_22' title='bbox 220 244 327 308; x_wconf 87' lang='lat' dir='ltr'>lege</span> <span class='ocrx_word' id='word_1_23' title='bbox 351 257 624 303; x_wconf 86' lang='lat' dir='ltr'>censuram,</span> <span class='ocrx_word' id='word_1_24' title='bbox 645 257 774 307; x_wconf 90' lang='lat' dir='ltr'>quae</span> <span class='ocrx_word' id='word_1_25' title='bbox 798 239 1030 305; x_wconf 89' lang='lat' dir='ltr'>magistra</span> <span class='ocrx_word' id='word_1_26' title='bbox 1053 236 1259 305; x_wconf 85' lang='lat' dir='ltr'>pudoris</span> <span class='ocrx_word' id='word_1_27' title='bbox 1284 246 1334 290; x_wconf 90' lang='lat' dir='ltr'>et</span> <span class='ocrx_word' id='word_1_28' title='bbox 1359 237 1635 288; x_wconf 83' lang='lat' dir='ltr'><strong>modestiae</strong></span> <span class='ocrx_word' id='word_1_29' title='bbox 1662 246 1749 297; x_wconf 91' lang='lat' dir='ltr'>est,</span> 
     </span>
     <span class='ocr_line' id='line_1_16' title="bbox 108 323 442 375; baseline -0.006 0"><span class='ocrx_word' id='word_1_30' title='bbox 108 329 114 334; x_wconf 78' lang='grc'>”</span> <span class='ocrx_word' id='word_1_31' title='bbox 153 324 336 375; x_wconf 85' lang='lat' dir='ltr'><strong>blatam</strong></span> <span class='ocrx_word' id='word_1_32' title='bbox 361 323 442 374; x_wconf 91' lang='lat' dir='ltr'>ait.</span> 
     </span>
    </p>
   </div>
   <div class='ocr_carea' id='block_1_5' title="bbox 700 425 1145 477">
    <p class='ocr_par' dir='ltr' id='par_1_5' title="bbox 700 425 1145 477">
     <span class='ocr_line' id='line_1_17' title="bbox 700 425 1145 477; baseline -0.002 -2"><span class='ocrx_word' id='word_1_33' title='bbox 700 426 934 477; x_wconf 91' lang='lat' dir='ltr'>PAVLO</span> <span class='ocrx_word' id='word_1_34' title='bbox 971 425 1145 477; x_wconf 91' lang='lat' dir='ltr'>POST</span> 
     </span>
    </p>
   </div>
   <div class='ocr_carea' id='block_1_6' title="bbox 52 512 1766 1072">
    <p class='ocr_par' dir='ltr' id='par_1_6' title="bbox 52 512 1766 997">
     <span class='ocr_line' id='line_1_18' title="bbox 52 512 1759 583; baseline -0.002 -18"><span class='ocrx_word' id='word_1_35' title='bbox 52 532 109 549; x_wconf 91' lang='lat'><em>·</em></span> <span class='ocrx_word' id='word_1_36' title='bbox 160 515 206 582; x_wconf 66' lang='grc' dir='ltr'>(ξ</span> <span class='ocrx_word' id='word_1_37' title='bbox 247 517 344 583; x_wconf 93' lang='lat'>11.)</span> <span class='ocrx_word' id='word_1_38' title='bbox 407 518 771 581; x_wconf 66' lang='lat' dir='ltr'>Pers&#39;equere</span> <span class='ocrx_word' id='word_1_39' title='bbox 846 513 1215 566; x_wconf 90' lang='lat' dir='ltr'>continentis</span> <span class='ocrx_word' id='word_1_40' title='bbox 1286 513 1376 564; x_wconf 92' lang='lat' dir='ltr'>his</span> <span class='ocrx_word' id='word_1_41' title='bbox 1452 512 1759 564; x_wconf 80' lang='lat' dir='ltr'>funeribus</span> 
     </span>
     <span class='ocr_line' id='line_1_19' title="bbox 52 590 1762 671; baseline -0.002 -23"><span class='ocrx_word' id='word_1_42' title='bbox 52 590 114 671; x_wconf 50' lang='grc' dir='ltr'>[ζρ</span> <span class='ocrx_word' id='word_1_43' title='bbox 135 596 232 650; x_wconf 89' lang='lat' dir='ltr'>ies.</span> <span class='ocrx_word' id='word_1_44' title='bbox 308 600 417 649; x_wconf 92' lang='lat' dir='ltr'>Pro</span> <span class='ocrx_word' id='word_1_45' title='bbox 453 596 700 648; x_wconf 91' lang='lat' dir='ltr'>Aurelio</span> <span class='ocrx_word' id='word_1_46' title='bbox 737 595 1025 648; x_wconf 90' lang='lat' dir='ltr'>tribunali</span> <span class='ocrx_word' id='word_1_47' title='bbox 1060 613 1132 646; x_wconf 90' lang='lat' dir='ltr'>ne</span> <span class='ocrx_word' id='word_1_48' title='bbox 1167 594 1486 646; x_wconf 84' lang='lat' dir='ltr'>conivente</span> <span class='ocrx_word' id='word_1_49' title='bbox 1523 594 1762 660; x_wconf 92' lang='lat' dir='ltr'>quidem</span> 
     </span>
     <span class='ocr_line' id='line_1_20' title="bbox 52 672 1764 752; baseline -0.001 -23"><span class='ocrx_word' id='word_1_50' title='bbox 52 672 83 752; x_wconf 48' lang='lat' dir='ltr'>fss,</span> <span class='ocrx_word' id='word_1_51' title='bbox 188 681 345 746; x_wconf 90' lang='lat' dir='ltr'>quod</span> <span class='ocrx_word' id='word_1_52' title='bbox 374 679 565 747; x_wconf 94' lang='lat' dir='ltr'>ipsum</span> <span class='ocrx_word' id='word_1_53' title='bbox 598 687 754 731; x_wconf 91' lang='lat' dir='ltr'>esset</span> <span class='ocrx_word' id='word_1_54' title='bbox 790 681 998 741; x_wconf 81' lang='lat' dir='ltr'>sceluS‚</span> <span class='ocrx_word' id='word_1_55' title='bbox 1027 680 1131 729; x_wconf 93' lang='lat' dir='ltr'>sed</span> <span class='ocrx_word' id='word_1_56' title='bbox 1165 677 1342 729; x_wconf 90' lang='lat' dir='ltr'>etiam</span> <span class='ocrx_word' id='word_1_57' title='bbox 1375 676 1764 728; x_wconf 86' lang='lat' dir='ltr'>hilarioribus</span> 
     </span>
     <span class='ocr_line' id='line_1_21' title="bbox 52 753 1764 828; baseline -0.002 -16"><span class='ocrx_word' id='word_1_58' title='bbox 52 753 282 813; x_wconf 78' lang='lat' dir='ltr'>‘culis</span> <span class='ocrx_word' id='word_1_59' title='bbox 317 779 489 828; x_wconf 90' lang='lat' dir='ltr'>quam</span> <span class='ocrx_word' id='word_1_60' title='bbox 528 760 744 812; x_wconf 90' lang='lat' dir='ltr'>solitus</span> <span class='ocrx_word' id='word_1_61' title='bbox 781 778 907 811; x_wconf 89' lang='lat' dir='ltr'>eras</span> <span class='ocrx_word' id='word_1_62' title='bbox 943 760 1229 823; x_wconf 90' lang='lat' dir='ltr'>intuente,</span> <span class='ocrx_word' id='word_1_63' title='bbox 1272 759 1531 810; x_wconf 91' lang='lat' dir='ltr'>dilectus</span> <span class='ocrx_word' id='word_1_64' title='bbox 1574 776 1764 810; x_wconf 90' lang='lat' dir='ltr'>servo-</span> 
     </span>
     <span class='ocr_line' id='line_1_22' title="bbox 52 838 1766 911; baseline -0.002 -17"><span class='ocrx_word' id='word_1_65' title='bbox 52 845 83 911; x_wconf 57' lang='lat'>32}</span> <span class='ocrx_word' id='word_1_66' title='bbox 113 838 215 895; x_wconf 59' lang='lat' dir='ltr'>&#39;um</span> <span class='ocrx_word' id='word_1_67' title='bbox 256 844 587 895; x_wconf 86' lang='lat' dir='ltr'>habebatur</span> <span class='ocrx_word' id='word_1_68' title='bbox 623 844 695 893; x_wconf 93' lang='lat' dir='ltr'>ab</span> <span class='ocrx_word' id='word_1_69' title='bbox 737 860 806 894; x_wconf 94' lang='lat' dir='ltr'>eo</span> <span class='ocrx_word' id='word_1_70' title='bbox 848 842 946 908; x_wconf 91' lang='lat' dir='ltr'>qui</span> <span class='ocrx_word' id='word_1_71' title='bbox 988 842 1141 893; x_wconf 88' lang='lat' dir='ltr'>nihil</span> <span class='ocrx_word' id='word_1_72' title='bbox 1183 841 1297 893; x_wconf 86' lang='lat' dir='ltr'>sibi</span> <span class='ocrx_word' id='word_1_73' title='bbox 1338 858 1616 908; x_wconf 91' lang='lat' dir='ltr'>umquam</span> <span class='ocrx_word' id='word_1_74' title='bbox 1654 857 1766 891; x_wconf 90' lang='lat' dir='ltr'>nec</span> 
     </span>
     <span class='ocr_line' id='line_1_23' title="bbox 52 921 1011 997; baseline -0.004 -18"><span class='ocrx_word' id='word_1_75' title='bbox 52 921 286 997; x_wconf 38' lang='lat' dir='ltr'>&amp;ficere</span> <span class='ocrx_word' id='word_1_76' title='bbox 322 943 428 977; x_wconf 91' lang='lat' dir='ltr'>nec</span> <span class='ocrx_word' id='word_1_77' title='bbox 463 925 587 992; x_wconf 89' lang='lat' dir='ltr'>pati</span> <span class='ocrx_word' id='word_1_78' title='bbox 622 935 792 992; x_wconf 88' lang='lat' dir='ltr'>turpe</span> <span class='ocrx_word' id='word_1_79' title='bbox 828 925 1011 976; x_wconf 90' lang='lat' dir='ltr'>duxit.</span> 
     </span>
    </p>

    <p class='ocr_par' dir='ltr' id='par_1_7' title="bbox 59 998 1389 1072">
     <span class='ocr_line' id='line_1_24' title="bbox 159 1003 1389 1072; baseline 0 -15"><span class='ocrx_word' id='word_1_80' title='bbox 159 1003 389 1060; x_wconf 75' lang='lat' dir='ltr'>Profecto</span> <span class='ocrx_word' id='word_1_81' title='bbox 424 1006 706 1072; x_wconf 88' lang='lat' dir='ltr'>intellegitis</span> <span class='ocrx_word' id='word_1_82' title='bbox 744 1010 798 1058; x_wconf 90' lang='lat' dir='ltr'>P.</span> <span class='ocrx_word' id='word_1_83' title='bbox 838 1007 1075 1060; x_wconf 92' lang='lat' dir='ltr'>Clodium</span> <span class='ocrx_word' id='word_1_84' title='bbox 1112 1007 1389 1072; x_wconf 89' lang='lat' dir='ltr'>significari.</span> 
     </span>
    </p>
   </div>
   <div class='ocr_carea' id='block_1_7' title="bbox 4 1161 1766 1817">
    <p class='ocr_par' dir='ltr' id='par_1_8' title="bbox 60 1161 1356 1237">
     <span class='ocr_line' id='line_1_25' title="bbox 60 1161 1356 1237; baseline 0.001 -26"><span class='ocrx_word' id='word_1_85' title='bbox 60 1227 63 1237; x_wconf 83' lang='lat'>.</span> <span class='ocrx_word' id='word_1_86' title='bbox 114 1231 115 1234; x_wconf 8' lang='grc' dir='ltr'><strong>Ἴ</strong></span> <span class='ocrx_word' id='word_1_87' title='bbox 509 1162 648 1212; x_wconf 89' lang='lat' dir='ltr'>CIR.</span> <span class='ocrx_word' id='word_1_88' title='bbox 688 1163 848 1210; x_wconf 92' lang='lat' dir='ltr'>VER.</span> <span class='ocrx_word' id='word_1_89' title='bbox 888 1163 935 1210; x_wconf 94' lang='lat' dir='ltr'><strong>A</strong></span> <span class='ocrx_word' id='word_1_90' title='bbox 972 1161 1207 1212; x_wconf 91' lang='lat' dir='ltr'><strong>PRIMO</strong></span> <span class='ocrx_word' id='word_1_91' title='bbox 1245 1163 1356 1212; x_wconf 89' lang='lat' dir='ltr'>DC</span> 
     </span>
    </p>

    <p class='ocr_par' dir='ltr' id='par_1_9' title="bbox 52 1245 892 1332">
     <span class='ocr_line' id='line_1_26' title="bbox 52 1245 892 1332; baseline -0.001 -31"><span class='ocrx_word' id='word_1_92' title='bbox 52 1245 81 1332; x_wconf 65' lang='lat' dir='ltr'>{t</span> <span class='ocrx_word' id='word_1_93' title='bbox 158 1249 280 1301; x_wconf 91' lang='lat' dir='ltr'>dicit</span> <span class='ocrx_word' id='word_1_94' title='bbox 314 1252 380 1302; x_wconf 89' lang='lat' dir='ltr'>de</span> <span class='ocrx_word' id='word_1_95' title='bbox 417 1251 636 1303; x_wconf 90' lang='lat' dir='ltr'>Castoris</span> <span class='ocrx_word' id='word_1_96' title='bbox 673 1253 892 1316; x_wconf 88' lang='lat' dir='ltr'>templo:</span> 
     </span>
    </p>

    <p class='ocr_par' dir='ltr' id='par_1_10' title="bbox 51 1323 1766 1654">
     <span class='ocr_line' id='line_1_27' title="bbox 51 1323 1764 1413; baseline 0 -23"><span class='ocrx_word' id='word_1_97' title='bbox 51 1323 111 1413; x_wconf 67' lang='lat'>,¹3</span> <span class='ocrx_word' id='word_1_98' title='bbox 158 1337 204 1404; x_wconf 69' lang='grc' dir='ltr'>(ξ</span> <span class='ocrx_word' id='word_1_99' title='bbox 226 1338 332 1406; x_wconf 89' lang='lat'><strong>23.)</strong></span> <span class='ocrx_word' id='word_1_100' title='bbox 368 1341 437 1391; x_wconf 94' lang='lat' dir='ltr'>Id</span> <span class='ocrx_word' id='word_1_101' title='bbox 469 1350 668 1390; x_wconf 89' lang='lat' dir='ltr'>autem</span> <span class='ocrx_word' id='word_1_102' title='bbox 701 1342 987 1406; x_wconf 89' lang='lat' dir='ltr'>templum</span> <span class='ocrx_word' id='word_1_103' title='bbox 1024 1341 1266 1390; x_wconf 92' lang='lat' dir='ltr'>sublato</span> <span class='ocrx_word' id='word_1_104' title='bbox 1302 1340 1483 1402; x_wconf 72' lang='lat' dir='ltr'>adim,</span> <span class='ocrx_word' id='word_1_105' title='bbox 1511 1339 1764 1392; x_wconf 90' lang='lat' dir='ltr'>revolsis</span> 
     </span>
     <span class='ocr_line' id='line_1_28' title="bbox 63 1491 1766 1570; baseline 0 -16"><span class='ocrx_word' id='word_1_106' title='bbox 63 1516 66 1521; x_wconf 85' lang='grc'><strong>“</strong></span> <span class='ocrx_word' id='word_1_107' title='bbox 105 1491 111 1516; x_wconf 58' lang='lat'>³</span> <span class='ocrx_word' id='word_1_108' title='bbox 142 1521 251 1554; x_wconf 89' lang='lat' dir='ltr'>nae</span> <span class='ocrx_word' id='word_1_109' title='bbox 286 1503 768 1570; x_wconf 89' lang='lat' dir='ltr'>praevaricatore</span> <span class='ocrx_word' id='word_1_110' title='bbox 809 1505 1130 1569; x_wconf 85' lang='lat' dir='ltr'>quondam,</span> <span class='ocrx_word' id='word_1_111' title='bbox 1172 1513 1292 1554; x_wconf 91' lang='lat' dir='ltr'>tum</span> <span class='ocrx_word' id='word_1_112' title='bbox 1336 1507 1545 1567; x_wconf 91' lang='lat' dir='ltr'>ultore,</span> <span class='ocrx_word' id='word_1_113' title='bbox 1589 1504 1766 1555; x_wconf 91' lang='lat' dir='ltr'>armis</span> 
     </span>
     <span class='ocr_line' id='line_1_29' title="bbox 51 1570 414 1654; baseline 0 -18"><span class='ocrx_word' id='word_1_114' title='bbox 51 1570 64 1645; x_wconf 27' lang='lat'>⁴⁸,</span> <span class='ocrx_word' id='word_1_115' title='bbox 110 1595 414 1654; x_wconf 68' lang='lat' dir='ltr'>-eneretun</span> 
     </span>
    </p>

    <p class='ocr_par' dir='ltr' id='par_1_11' title="bbox 4 1663 1766 1817">
     <span class='ocr_line' id='line_1_30' title="bbox 4 1663 1766 1742; baseline -0.002 -18"><span class='ocrx_word' id='word_1_116' title='bbox 4 1717 7 1724; x_wconf 92' lang='lat'>.</span> <span class='ocrx_word' id='word_1_117' title='bbox 52 1663 61 1742; x_wconf 37' lang='lat' dir='ltr'><strong><em>s</em></strong></span> <span class='ocrx_word' id='word_1_118' title='bbox 103 1682 110 1691; x_wconf 66' lang='lat'><em>¹</em></span> <span class='ocrx_word' id='word_1_119' title='bbox 160 1667 427 1720; x_wconf 89' lang='lat' dir='ltr'>Catilinam</span> <span class='ocrx_word' id='word_1_120' title='bbox 464 1670 572 1734; x_wconf 88' lang='lat' dir='ltr'>lege</span> <span class='ocrx_word' id='word_1_121' title='bbox 608 1670 995 1735; x_wconf 88' lang='lat' dir='ltr'>repetundarum</span> <span class='ocrx_word' id='word_1_122' title='bbox 1031 1669 1318 1720; x_wconf 91' lang='lat' dir='ltr'>absolutum</span> <span class='ocrx_word' id='word_1_123' title='bbox 1353 1687 1460 1721; x_wconf 92' lang='lat' dir='ltr'>esse</span> <span class='ocrx_word' id='word_1_124' title='bbox 1497 1679 1766 1721; x_wconf 89' lang='lat' dir='ltr'>accusante</span> 
     </span>
     <span class='ocr_line' id='line_1_31' title="bbox 138 1750 981 1817; baseline 0.004 -18.63"><span class='ocrx_word' id='word_1_125' title='bbox 138 1789 148 1801; x_wconf 94' lang='lat'>.</span> <span class='ocrx_word' id='word_1_126' title='bbox 175 1750 357 1802; x_wconf 91' lang='lat' dir='ltr'>Clodio</span> <span class='ocrx_word' id='word_1_127' title='bbox 382 1750 478 1801; x_wconf 91' lang='lat' dir='ltr'>iam</span> <span class='ocrx_word' id='word_1_128' title='bbox 506 1767 653 1817; x_wconf 91' lang='lat' dir='ltr'>supra</span> <span class='ocrx_word' id='word_1_129' title='bbox 678 1750 869 1802; x_wconf 91' lang='lat' dir='ltr'>dictum</span> <span class='ocrx_word' id='word_1_130' title='bbox 895 1760 981 1802; x_wconf 91' lang='lat' dir='ltr'>est.</span> 
     </span>
    </p>
   </div>
   <div class='ocr_carea' id='block_1_8' title="bbox 795 1920 1829 1994">
    <p class='ocr_par' dir='ltr' id='par_1_12' title="bbox 795 1920 1829 1994">
     <span class='ocr_line' id='line_1_32' title="bbox 795 1920 1829 1994; baseline 0.002 -27"><span class='ocrx_word' id='word_1_131' title='bbox 795 1920 1065 1968; x_wconf 88' lang='lat' dir='ltr'>STATIM</span> <span class='ocrx_word' id='word_1_132' title='bbox 1792 1945 1829 1994; x_wconf 83' lang='lat'><em>9</em></span> 
     </span>
    </p>
   </div>
   <div class='ocr_carea' id='block_1_9' title="bbox 52 2020 1767 2252">
    <p class='ocr_par' dir='ltr' id='par_1_13' title="bbox 52 2020 1767 2257">
     <span class='ocr_line' id='line_1_33' title="bbox 60 2020 1767 2095; baseline 0.001 -23"><span class='ocrx_word' id='word_1_133' title='bbox 60 2084 61 2095; x_wconf 12' lang='grc' dir='ltr'>γ</span> <span class='ocrx_word' id='word_1_134' title='bbox 131 2023 306 2087; x_wconf 31' lang='lat' dir='ltr'>‘Cum</span> <span class='ocrx_word' id='word_1_135' title='bbox 367 2020 601 2086; x_wconf 89' lang='lat' dir='ltr'>equites</span> <span class='ocrx_word' id='word_1_136' title='bbox 663 2021 916 2071; x_wconf 91' lang='lat' dir='ltr'>Romani</span> <span class='ocrx_word' id='word_1_137' title='bbox 973 2024 1396 2087; x_wconf 89' lang='lat' dir='ltr'>relegarentur,</span> <span class='ocrx_word' id='word_1_138' title='bbox 1457 2022 1566 2073; x_wconf 92' lang='lat' dir='ltr'>viri</span> <span class='ocrx_word' id='word_1_139' title='bbox 1626 2023 1767 2075; x_wconf 91' lang='lat' dir='ltr'>boni</span> 
     </span>
     <span class='ocr_line' id='line_1_34' title="bbox 52 2101 1050 2171; baseline 0.001 -19"><span class='ocrx_word' id='word_1_140' title='bbox 52 2101 397 2171; x_wconf 51' lang='lat' dir='ltr'>¹·pidibus</span> <span class='ocrx_word' id='word_1_141' title='bbox 433 2120 462 2153; x_wconf 93' lang='lat' dir='ltr'>e</span> <span class='ocrx_word' id='word_1_142' title='bbox 498 2104 627 2153; x_wconf 83' lang='lat' dir='ltr'>foro</span> <span class='ocrx_word' id='word_1_143' title='bbox 667 2105 1050 2168; x_wconf 85' lang='lat' dir='ltr'>pellerentur.</span> 
     </span>
     <span class='ocr_line' id='line_1_35' title="bbox 52 2171 1766 2252; baseline 0.001 -16"><span class='ocrx_word' id='word_1_144' title='bbox 52 2171 62 2189; x_wconf 42' lang='lat'>&#39;⁸</span> <span class='ocrx_word' id='word_1_145' title='bbox 104 2206 114 2237; x_wconf 31' lang='lat' dir='ltr'>vr</span> <span class='ocrx_word' id='word_1_146' title='bbox 160 2186 216 2234; x_wconf 89' lang='lat' dir='ltr'>L.</span> <span class='ocrx_word' id='word_1_147' title='bbox 245 2184 471 2235; x_wconf 89' lang='lat' dir='ltr'>Lamiam</span> <span class='ocrx_word' id='word_1_148' title='bbox 496 2202 526 2234; x_wconf 93' lang='lat' dir='ltr'>a</span> <span class='ocrx_word' id='word_1_149' title='bbox 552 2184 770 2235; x_wconf 92' lang='lat' dir='ltr'>Gabinio</span> <span class='ocrx_word' id='word_1_150' title='bbox 803 2188 1008 2236; x_wconf 91' lang='lat' dir='ltr'>consule</span> <span class='ocrx_word' id='word_1_151' title='bbox 1047 2186 1214 2237; x_wconf 89' lang='lat' dir='ltr'>edicto</span> <span class='ocrx_word' id='word_1_152' title='bbox 1239 2188 1510 2252; x_wconf 86' lang='lat' dir='ltr'>relegatum</span> <span class='ocrx_word' id='word_1_153' title='bbox 1535 2205 1643 2238; x_wconf 92' lang='lat' dir='ltr'>esse</span> <span class='ocrx_word' id='word_1_154' title='bbox 1669 2187 1766 2238; x_wconf 90' lang='lat' dir='ltr'>iam</span> 
     </span>
    </p>
   </div>
   <div class='ocr_carea' id='block_1_10' title="bbox 0 2397 1770 3000">
    <p class='ocr_par' dir='ltr' id='par_1_14' title="bbox 60 2397 1769 2455">
     <span class='ocr_line' id='line_1_36' title="bbox 60 2397 1769 2455; baseline 0.002 -17"><span class='ocrx_word' id='word_1_155' title='bbox 60 2411 63 2438; x_wconf 65' lang='lat' dir='ltr'>t</span> <span class='ocrx_word' id='word_1_156' title='bbox 83 2413 86 2455; x_wconf 47' lang='grc' dir='ltr'>ἶ</span> <span class='ocrx_word' id='word_1_157' title='bbox 120 2398 126 2407; x_wconf 71' lang='grc'><em>’</em></span> <span class='ocrx_word' id='word_1_158' title='bbox 150 2409 169 2436; x_wconf 89' lang='lat'>1</span> <span class='ocrx_word' id='word_1_159' title='bbox 192 2397 423 2438; x_wconf 84' lang='lat' dir='ltr'>censuraS</span> <span class='ocrx_word' id='word_1_160' title='bbox 518 2411 543 2437; x_wconf 79' lang='lat'><em>2</em></span> <span class='ocrx_word' id='word_1_161' title='bbox 563 2398 653 2438; x_wconf 88' lang='lat' dir='ltr'>adit</span> <span class='ocrx_word' id='word_1_162' title='bbox 665 2397 755 2438; x_wconf 93' lang='lat' dir='ltr'>SM</span> <span class='ocrx_word' id='word_1_163' title='bbox 768 2412 777 2438; x_wconf 74' lang='grc' dir='ltr'><strong>ε</strong></span> <span class='ocrx_word' id='word_1_164' title='bbox 796 2399 914 2438; x_wconf 87' lang='lat' dir='ltr'>addit</span> <span class='ocrx_word' id='word_1_165' title='bbox 926 2398 977 2449; x_wconf 92' lang='lat' dir='ltr'><strong>P,</strong></span> <span class='ocrx_word' id='word_1_166' title='bbox 994 2411 1093 2440; x_wconf 88' lang='lat' dir='ltr'>corr.</span> <span class='ocrx_word' id='word_1_167' title='bbox 1110 2399 1336 2440; x_wconf 83' lang='lat' dir='ltr'>Manutius</span> <span class='ocrx_word' id='word_1_168' title='bbox 1443 2415 1468 2451; x_wconf 88' lang='lat'><strong>4</strong></span> <span class='ocrx_word' id='word_1_169' title='bbox 1493 2402 1769 2443; x_wconf 86' lang='lat' dir='ltr'>continentes</span> 
     </span>
    </p>

    <p class='ocr_par' dir='ltr' id='par_1_15' title="bbox 84 2452 1768 2511">
     <span class='ocr_line' id='line_1_37' title="bbox 84 2452 1768 2511; baseline 0.003 -18"><span class='ocrx_word' id='word_1_170' title='bbox 84 2479 88 2499; x_wconf 72' lang='grc'><em>,</em></span> <span class='ocrx_word' id='word_1_171' title='bbox 119 2453 121 2456; x_wconf 81' lang='grc'><strong>’</strong></span> <span class='ocrx_word' id='word_1_172' title='bbox 145 2465 156 2493; x_wconf 82' lang='lat'>=</span> <span class='ocrx_word' id='word_1_173' title='bbox 183 2465 404 2493; x_wconf 89' lang='lat' dir='ltr'>connexos</span> <span class='ocrx_word' id='word_1_174' title='bbox 421 2452 518 2504; x_wconf 65' lang='lat' dir='ltr'>cic„</span> <span class='ocrx_word' id='word_1_175' title='bbox 542 2468 570 2491; x_wconf 91' lang='grc' dir='ltr'>π</span> <span class='ocrx_word' id='word_1_176' title='bbox 719 2464 744 2503; x_wconf 89' lang='grc'>5</span> <span class='ocrx_word' id='word_1_177' title='bbox 775 2453 973 2493; x_wconf 90' lang='lat' dir='ltr'>tribunali</span> <span class='ocrx_word' id='word_1_178' title='bbox 993 2453 1196 2507; x_wconf 81' lang='lat' dir='ltr'>Poggius,</span> <span class='ocrx_word' id='word_1_179' title='bbox 1223 2454 1301 2496; x_wconf 81' lang='lat' dir='ltr'>Cic.</span> <span class='ocrx_word' id='word_1_180' title='bbox 1328 2469 1337 2495; x_wconf 90' lang='lat'><strong>:</strong></span> <span class='ocrx_word' id='word_1_181' title='bbox 1367 2456 1535 2495; x_wconf 85' lang='lat' dir='ltr'>tribuno</span> <span class='ocrx_word' id='word_1_182' title='bbox 1559 2458 1631 2511; x_wconf 86' lang='lat' dir='ltr'>(tr.</span> <span class='ocrx_word' id='word_1_183' title='bbox 1656 2457 1714 2511; x_wconf 91' lang='lat' dir='ltr'>S)</span> <span class='ocrx_word' id='word_1_184' title='bbox 1736 2462 1768 2498; x_wconf 86' lang='grc' dir='ltr'>Σ</span> 
     </span>
    </p>

    <p class='ocr_par' dir='ltr' id='par_1_16' title="bbox 53 2505 1768 2562">
     <span class='ocr_line' id='line_1_38' title="bbox 53 2505 1768 2562; baseline 0.003 -16"><span class='ocrx_word' id='word_1_185' title='bbox 53 2514 55 2523; x_wconf 68' lang='grc'><strong>“</strong></span> <span class='ocrx_word' id='word_1_186' title='bbox 108 2548 118 2558; x_wconf 67' lang='lat'><em>„</em></span> <span class='ocrx_word' id='word_1_187' title='bbox 187 2507 263 2559; x_wconf 88' lang='lat' dir='ltr'>(ne</span> <span class='ocrx_word' id='word_1_188' title='bbox 277 2505 346 2562; x_wconf 89' lang='lat' dir='ltr'>M)</span> <span class='ocrx_word' id='word_1_189' title='bbox 365 2520 419 2547; x_wconf 84' lang='lat' dir='ltr'>an</span> <span class='ocrx_word' id='word_1_190' title='bbox 435 2508 641 2547; x_wconf 90' lang='lat' dir='ltr'>ueniente</span> <span class='ocrx_word' id='word_1_191' title='bbox 661 2507 747 2548; x_wconf 91' lang='lat' dir='ltr'>SM</span> <span class='ocrx_word' id='word_1_192' title='bbox 763 2522 772 2548; x_wconf 92' lang='lat'><strong>:</strong></span> <span class='ocrx_word' id='word_1_193' title='bbox 802 2521 881 2548; x_wconf 92' lang='lat' dir='ltr'>nec</span> <span class='ocrx_word' id='word_1_194' title='bbox 902 2514 1116 2549; x_wconf 88' lang='lat' dir='ltr'>annuente</span> <span class='ocrx_word' id='word_1_195' title='bbox 1135 2509 1185 2560; x_wconf 91' lang='lat' dir='ltr'>P,</span> <span class='ocrx_word' id='word_1_196' title='bbox 1209 2523 1307 2551; x_wconf 76' lang='lat' dir='ltr'>corr.</span> <span class='ocrx_word' id='word_1_197' title='bbox 1330 2525 1359 2549; x_wconf 89' lang='grc' dir='ltr'><em>π</em></span> <span class='ocrx_word' id='word_1_198' title='bbox 1376 2524 1428 2550; x_wconf 83' lang='lat' dir='ltr'>ex</span> <span class='ocrx_word' id='word_1_199' title='bbox 1450 2510 1528 2552; x_wconf 86' lang='lat' dir='ltr'>Cic.</span> <span class='ocrx_word' id='word_1_200' title='bbox 1741 2514 1768 2552; x_wconf 88' lang='lat'>8</span> 
     </span>
    </p>

    <p class='ocr_par' dir='ltr' id='par_1_17' title="bbox 0 2560 1769 2669">
     <span class='ocr_line' id='line_1_39' title="bbox 0 2560 1769 2616; baseline 0.003 -16"><span class='ocrx_word' id='word_1_201' title='bbox 0 2606 2 2614; x_wconf 40' lang='grc' dir='ltr'>Ι</span> <span class='ocrx_word' id='word_1_202' title='bbox 67 2575 85 2613; x_wconf 71' lang='lat' dir='ltr'>.j</span> <span class='ocrx_word' id='word_1_203' title='bbox 123 2578 126 2589; x_wconf 71' lang='lat'>¹</span> <span class='ocrx_word' id='word_1_204' title='bbox 150 2560 360 2602; x_wconf 83' lang='lat' dir='ltr'>bebantur</span> <span class='ocrx_word' id='word_1_205' title='bbox 378 2561 416 2602; x_wconf 98' lang='lat' dir='ltr'><strong><em>S</em></strong></span> <span class='ocrx_word' id='word_1_206' title='bbox 428 2564 584 2614; x_wconf 82' lang='lat' dir='ltr'>(contra</span> <span class='ocrx_word' id='word_1_207' title='bbox 598 2561 703 2615; x_wconf 80' lang='lat' dir='ltr'>Cic.)</span> <span class='ocrx_word' id='word_1_208' title='bbox 833 2577 861 2614; x_wconf 94' lang='lat'><strong>9</strong></span> <span class='ocrx_word' id='word_1_209' title='bbox 891 2569 1016 2615; x_wconf 81' lang='lat' dir='ltr'>turpe</span> <span class='ocrx_word' id='word_1_210' title='bbox 1036 2577 1120 2605; x_wconf 90' lang='lat' dir='ltr'>om.</span> <span class='ocrx_word' id='word_1_211' title='bbox 1134 2564 1185 2603; x_wconf 92' lang='lat' dir='ltr'><em>M</em></span> <span class='ocrx_word' id='word_1_212' title='bbox 1202 2579 1211 2604; x_wconf 90' lang='lat'><strong>:</strong></span> <span class='ocrx_word' id='word_1_213' title='bbox 1240 2571 1367 2616; x_wconf 87' lang='lat' dir='ltr'>turpe</span> <span class='ocrx_word' id='word_1_214' title='bbox 1383 2578 1480 2605; x_wconf 89' lang='lat' dir='ltr'>esse</span> <span class='ocrx_word' id='word_1_215' title='bbox 1495 2566 1573 2606; x_wconf 78' lang='lat' dir='ltr'>Cic.</span> <span class='ocrx_word' id='word_1_216' title='bbox 1660 2566 1769 2606; x_wconf 86' lang='lat' dir='ltr'>dixit</span> 
     </span>
     <span class='ocr_line' id='line_1_40' title="bbox 54 2615 1766 2669; baseline 0.004 -13"><span class='ocrx_word' id='word_1_217' title='bbox 54 2634 55 2638; x_wconf 59' lang='lat'>¹</span> <span class='ocrx_word' id='word_1_218' title='bbox 127 2622 163 2650; x_wconf 60' lang='lat'>¹1..</span> <span class='ocrx_word' id='word_1_219' title='bbox 179 2645 191 2668; x_wconf 94' lang='lat'>‚</span> <span class='ocrx_word' id='word_1_220' title='bbox 216 2615 293 2657; x_wconf 84' lang='lat' dir='ltr'>Cic.</span> <span class='ocrx_word' id='word_1_221' title='bbox 315 2616 402 2658; x_wconf 89' lang='lat' dir='ltr'>cod.</span> <span class='ocrx_word' id='word_1_222' title='bbox 427 2616 470 2656; x_wconf 92' lang='lat' dir='ltr'><em>E</em></span> <span class='ocrx_word' id='word_1_223' title='bbox 607 2630 657 2657; x_wconf 91' lang='lat'>10</span> <span class='ocrx_word' id='word_1_224' title='bbox 685 2617 950 2669; x_wconf 87' lang='lat' dir='ltr'>intellegitur</span> <span class='ocrx_word' id='word_1_225' title='bbox 970 2621 1015 2669; x_wconf 85' lang='grc' dir='ltr'>Σ,</span> <span class='ocrx_word' id='word_1_226' title='bbox 1037 2631 1135 2660; x_wconf 86' lang='lat' dir='ltr'>corr.</span> <span class='ocrx_word' id='word_1_227' title='bbox 1159 2619 1318 2659; x_wconf 81' lang='lat' dir='ltr'>Rinkes</span> <span class='ocrx_word' id='word_1_228' title='bbox 1506 2634 1551 2660; x_wconf 89' lang='lat'>11</span> <span class='ocrx_word' id='word_1_229' title='bbox 1585 2633 1640 2661; x_wconf 82' lang='lat' dir='ltr'>Dc</span> <span class='ocrx_word' id='word_1_230' title='bbox 1658 2621 1742 2661; x_wconf 91' lang='lat' dir='ltr'>KS</span> <span class='ocrx_word' id='word_1_231' title='bbox 1757 2636 1766 2662; x_wconf 92' lang='lat'><strong>:</strong></span> 
     </span>
    </p>

    <p class='ocr_par' dir='ltr' id='par_1_18' title="bbox 52 2670 1770 2782">
     <span class='ocr_line' id='line_1_41' title="bbox 83 2670 1770 2727; baseline 0.003 -16"><span class='ocrx_word' id='word_1_232' title='bbox 83 2685 86 2691; x_wconf 72' lang='lat'><strong>⁴</strong></span> <span class='ocrx_word' id='word_1_233' title='bbox 169 2700 179 2711; x_wconf 91' lang='lat'>.</span> <span class='ocrx_word' id='word_1_234' title='bbox 199 2670 277 2711; x_wconf 91' lang='lat' dir='ltr'>SP</span> <span class='ocrx_word' id='word_1_235' title='bbox 293 2672 349 2723; x_wconf 85' lang='lat' dir='ltr'>(v.</span> <span class='ocrx_word' id='word_1_236' title='bbox 374 2684 425 2712; x_wconf 90' lang='lat'>10</span> <span class='ocrx_word' id='word_1_237' title='bbox 443 2685 529 2712; x_wconf 88' lang='lat' dir='ltr'>om.</span> <span class='ocrx_word' id='word_1_238' title='bbox 549 2670 601 2711; x_wconf 89' lang='lat' dir='ltr'><em>M</em></span> <span class='ocrx_word' id='word_1_239' title='bbox 619 2677 666 2712; x_wconf 81' lang='lat' dir='ltr'>ut</span> <span class='ocrx_word' id='word_1_240' title='bbox 681 2675 864 2727; x_wconf 83' lang='lat' dir='ltr'>semper)</span> <span class='ocrx_word' id='word_1_241' title='bbox 1091 2687 1141 2723; x_wconf 90' lang='lat'>14</span> <span class='ocrx_word' id='word_1_242' title='bbox 1169 2674 1345 2726; x_wconf 84' lang='lat' dir='ltr'>reliquis</span> <span class='ocrx_word' id='word_1_243' title='bbox 1366 2674 1412 2727; x_wconf 91' lang='lat' dir='ltr'>S,</span> <span class='ocrx_word' id='word_1_244' title='bbox 1435 2689 1534 2716; x_wconf 83' lang='lat' dir='ltr'>corr.</span> <span class='ocrx_word' id='word_1_245' title='bbox 1557 2675 1770 2716; x_wconf 86' lang='lat' dir='ltr'>Beraldus</span> 
     </span>
     <span class='ocr_line' id='line_1_42' title="bbox 52 2725 1768 2782; baseline 0.005 -19"><span class='ocrx_word' id='word_1_246' title='bbox 52 2756 54 2763; x_wconf 69' lang='grc'>,</span> <span class='ocrx_word' id='word_1_247' title='bbox 83 2741 87 2762; x_wconf 68' lang='lat'>1</span> <span class='ocrx_word' id='word_1_248' title='bbox 120 2766 123 2770; x_wconf 66' lang='grc'>,</span> <span class='ocrx_word' id='word_1_249' title='bbox 163 2725 240 2767; x_wconf 69' lang='lat' dir='ltr'>cic.</span> <span class='ocrx_word' id='word_1_250' title='bbox 379 2732 510 2778; x_wconf 86' lang='lat' dir='ltr'>atque</span> <span class='ocrx_word' id='word_1_251' title='bbox 529 2740 554 2767; x_wconf 88' lang='lat' dir='ltr'>a</span> <span class='ocrx_word' id='word_1_252' title='bbox 572 2726 642 2779; x_wconf 78' lang='lat'><strong>12¹,</strong></span> <span class='ocrx_word' id='word_1_253' title='bbox 666 2727 768 2770; x_wconf 67' lang='lat' dir='ltr'>Cia:</span> <span class='ocrx_word' id='word_1_254' title='bbox 800 2734 930 2779; x_wconf 91' lang='lat' dir='ltr'>atque</span> <span class='ocrx_word' id='word_1_255' title='bbox 950 2726 1049 2780; x_wconf 87' lang='lat' dir='ltr'>SM,</span> <span class='ocrx_word' id='word_1_256' title='bbox 1070 2728 1259 2782; x_wconf 76' lang='lat' dir='ltr'>Poggius</span> <span class='ocrx_word' id='word_1_257' title='bbox 1440 2743 1488 2781; x_wconf 89' lang='lat'>15</span> <span class='ocrx_word' id='word_1_258' title='bbox 1519 2737 1607 2770; x_wconf 90' lang='lat' dir='ltr'>tum</span> <span class='ocrx_word' id='word_1_259' title='bbox 1628 2731 1768 2772; x_wconf 89' lang='lat' dir='ltr'>ultore</span> 
     </span>
    </p>

    <p class='ocr_par' dir='ltr' id='par_1_19' title="bbox 86 2780 1770 2949">
     <span class='ocr_line' id='line_1_43' title="bbox 155 2780 1770 2838; baseline 0.004 -18"><span class='ocrx_word' id='word_1_260' title='bbox 155 2781 224 2821; x_wconf 84' lang='lat' dir='ltr'>·is</span> <span class='ocrx_word' id='word_1_261' title='bbox 241 2795 270 2821; x_wconf 82' lang='grc' dir='ltr'><strong>π</strong></span> <span class='ocrx_word' id='word_1_262' title='bbox 286 2794 337 2822; x_wconf 81' lang='lat' dir='ltr'>ex</span> <span class='ocrx_word' id='word_1_263' title='bbox 353 2780 432 2822; x_wconf 81' lang='lat' dir='ltr'>Cic.</span> <span class='ocrx_word' id='word_1_264' title='bbox 452 2797 462 2823; x_wconf 74' lang='lat' dir='ltr'>t</span> <span class='ocrx_word' id='word_1_265' title='bbox 494 2782 798 2823; x_wconf 87' lang='lat' dir='ltr'>tumultuarum</span> <span class='ocrx_word' id='word_1_266' title='bbox 818 2784 854 2823; x_wconf 88' lang='lat' dir='ltr'>is</span> <span class='ocrx_word' id='word_1_267' title='bbox 875 2783 935 2834; x_wconf 86' lang='lat' dir='ltr'>(is</span> <span class='ocrx_word' id='word_1_268' title='bbox 953 2789 1044 2835; x_wconf 82' lang='lat' dir='ltr'>sup.</span> <span class='ocrx_word' id='word_1_269' title='bbox 1065 2783 1138 2825; x_wconf 80' lang='lat' dir='ltr'>lin.</span> <span class='ocrx_word' id='word_1_270' title='bbox 1162 2784 1207 2823; x_wconf 83' lang='lat' dir='ltr'>in</span> <span class='ocrx_word' id='word_1_271' title='bbox 1225 2783 1283 2838; x_wconf 90' lang='lat' dir='ltr'>P)</span> <span class='ocrx_word' id='word_1_272' title='bbox 1306 2787 1338 2826; x_wconf 84' lang='grc' dir='ltr'>Σ</span> <span class='ocrx_word' id='word_1_273' title='bbox 1471 2787 1521 2825; x_wconf 91' lang='lat'>16</span> <span class='ocrx_word' id='word_1_274' title='bbox 1550 2791 1770 2827; x_wconf 86' lang='lat' dir='ltr'>teneretur</span> 
     </span>
     <span class='ocr_line' id='line_1_44' title="bbox 88 2833 1768 2892; baseline 0.005 -18"><span class='ocrx_word' id='word_1_275' title='bbox 88 2848 89 2881; x_wconf 62' lang='lat'>2</span> <span class='ocrx_word' id='word_1_276' title='bbox 127 2861 146 2884; x_wconf 78' lang='lat'><strong>,</strong></span> <span class='ocrx_word' id='word_1_277' title='bbox 165 2833 243 2877; x_wconf 77' lang='lat' dir='ltr'>Cic.</span> <span class='ocrx_word' id='word_1_278' title='bbox 261 2849 272 2878; x_wconf 74' lang='lat' dir='ltr'><strong><em>z</em></strong></span> <span class='ocrx_word' id='word_1_279' title='bbox 302 2841 474 2877; x_wconf 86' lang='lat' dir='ltr'>tenetur</span> <span class='ocrx_word' id='word_1_280' title='bbox 490 2836 584 2876; x_wconf 89' lang='lat' dir='ltr'>PM</span> <span class='ocrx_word' id='word_1_281' title='bbox 692 2839 742 2878; x_wconf 85' lang='lat'>18</span> <span class='ocrx_word' id='word_1_282' title='bbox 769 2851 900 2889; x_wconf 83' lang='lat' dir='ltr'>supra</span> <span class='ocrx_word' id='word_1_283' title='bbox 919 2851 1004 2878; x_wconf 84' lang='lat' dir='ltr'>om.</span> <span class='ocrx_word' id='word_1_284' title='bbox 1026 2837 1070 2877; x_wconf 94' lang='lat' dir='ltr'><em>P</em></span> <span class='ocrx_word' id='word_1_285' title='bbox 1182 2852 1238 2879; x_wconf 83' lang='lat'>20</span> <span class='ocrx_word' id='word_1_286' title='bbox 1266 2846 1523 2890; x_wconf 89' lang='lat' dir='ltr'>rogarentur</span> <span class='ocrx_word' id='word_1_287' title='bbox 1543 2840 1580 2881; x_wconf 92' lang='lat' dir='ltr'><strong><em>S</em></strong></span> <span class='ocrx_word' id='word_1_288' title='bbox 1598 2856 1608 2882; x_wconf 77' lang='lat' dir='ltr'><strong><em>z</em></strong></span> <span class='ocrx_word' id='word_1_289' title='bbox 1626 2839 1768 2892; x_wconf 74' lang='lat' dir='ltr'>&#39;nega-</span> 
     </span>
     <span class='ocr_line' id='line_1_45' title="bbox 86 2890 1763 2949; baseline 0.005 -20"><span class='ocrx_word' id='word_1_290' title='bbox 86 2904 91 2936; x_wconf 70' lang='lat'>7</span> <span class='ocrx_word' id='word_1_291' title='bbox 145 2894 245 2930; x_wconf 87' lang='lat' dir='ltr'>ntur</span> <span class='ocrx_word' id='word_1_292' title='bbox 263 2890 338 2932; x_wconf 89' lang='lat' dir='ltr'>M:</span> <span class='ocrx_word' id='word_1_293' title='bbox 367 2898 626 2933; x_wconf 84' lang='lat' dir='ltr'>necarentur</span> <span class='ocrx_word' id='word_1_294' title='bbox 644 2892 696 2943; x_wconf 91' lang='lat' dir='ltr'>P,</span> <span class='ocrx_word' id='word_1_295' title='bbox 718 2906 817 2933; x_wconf 87' lang='lat' dir='ltr'>corr.</span> <span class='ocrx_word' id='word_1_296' title='bbox 841 2893 892 2946; x_wconf 70' lang='grc' dir='ltr'>ς’,</span> <span class='ocrx_word' id='word_1_297' title='bbox 908 2892 966 2932; x_wconf 86' lang='lat' dir='ltr'>ed.</span> <span class='ocrx_word' id='word_1_298' title='bbox 986 2892 1098 2934; x_wconf 86' lang='lat' dir='ltr'>Iunt.</span> <span class='ocrx_word' id='word_1_299' title='bbox 1117 2907 1167 2933; x_wconf 85' lang='lat' dir='ltr'>ex</span> <span class='ocrx_word' id='word_1_300' title='bbox 1182 2893 1259 2934; x_wconf 81' lang='lat' dir='ltr'>Cic.</span> <span class='ocrx_word' id='word_1_301' title='bbox 1373 2908 1426 2934; x_wconf 84' lang='lat'>22</span> <span class='ocrx_word' id='word_1_302' title='bbox 1455 2902 1483 2935; x_wconf 92' lang='lat' dir='ltr'>t.</span> <span class='ocrx_word' id='word_1_303' title='bbox 1506 2895 1697 2936; x_wconf 88' lang='lat' dir='ltr'>clamiam</span> <span class='ocrx_word' id='word_1_304' title='bbox 1718 2899 1763 2949; x_wconf 83' lang='grc' dir='ltr'>Σ,</span> 
     </span>
    </p>

    <p class='ocr_par' dir='ltr' id='par_1_20' title="bbox 7 2945 1601 3000">
     <span class='ocr_line' id='line_1_46' title="bbox 7 2945 1601 3000; baseline 0.003 -14"><span class='ocrx_word' id='word_1_305' title='bbox 7 2994 9 2998; x_wconf 33' lang='grc' dir='ltr'>Ι</span> <span class='ocrx_word' id='word_1_306' title='bbox 47 2953 90 2981; x_wconf 61' lang='lat'>:³</span> <span class='ocrx_word' id='word_1_307' title='bbox 118 2955 192 2995; x_wconf 55' lang='lat' dir='ltr'>,rr-</span> <span class='ocrx_word' id='word_1_308' title='bbox 215 2945 266 2997; x_wconf 70' lang='grc' dir='ltr'>ς’,</span> <span class='ocrx_word' id='word_1_309' title='bbox 290 2945 493 2987; x_wconf 83' lang='lat' dir='ltr'>Lodoicus</span> <span class='ocrx_word' id='word_1_310' title='bbox 515 2947 582 3000; x_wconf 59' lang='lat' dir='ltr'>(ff</span> <span class='ocrx_word' id='word_1_311' title='bbox 606 2947 707 2988; x_wconf 82' lang='lat' dir='ltr'>Sest.</span> <span class='ocrx_word' id='word_1_312' title='bbox 724 2949 797 3000; x_wconf 85' lang='lat'>29)</span> <span class='ocrx_word' id='word_1_313' title='bbox 911 2947 1144 2999; x_wconf 87' lang='lat' dir='ltr'>relegatum</span> <span class='ocrx_word' id='word_1_314' title='bbox 1167 2948 1203 2988; x_wconf 94' lang='lat' dir='ltr'><strong><em>S</em></strong></span> <span class='ocrx_word' id='word_1_315' title='bbox 1221 2963 1231 2990; x_wconf 73' lang='grc' dir='ltr'><strong>ε</strong></span> <span class='ocrx_word' id='word_1_316' title='bbox 1261 2948 1485 3000; x_wconf 87' lang='lat' dir='ltr'>religatum</span> <span class='ocrx_word' id='word_1_317' title='bbox 1506 2950 1601 2990; x_wconf 91' lang='lat' dir='ltr'>PM</span> 
     </span>
    </p>
   </div>
  </div>
 </body>
</html>
