1988 3334
188 125 250 171 86
845 123 1076 174 ASCON
1084 124 1194 172 IVS

330 178 377 187 -κγ

192 280 255 312 ne
280 264 359 312 lex
381 263 598 312 ambitus
623 265 827 313 ferretur
844 281 858 325 3
888 264 1028 327 quod
1053 264 1213 312 facere
1238 279 1328 327 pro
1347 262 1562 314 Catilina
1586 262 1855 313 videbatur.
1886 287 1888 327 Q

194 347 350 394 Hunc
377 345 606 395 Mucium
631 345 683 394 in
707 347 802 395 hac
827 344 1050 395 oratione
1078 344 1255 396 Cicero
1279 346 1536 410 appellans
1561 344 1631 395 sic
1654 344 1752 394 ait:
1957 330 1959 346 ¹

260 430 343 477 Te
368 436 578 488 tamen,
608 429 670 490 Q.
701 426 879 487 Muci,
907 435 1024 476 tam
1055 428 1206 476 male
1231 428 1303 477 de
1332 428 1555 492 populo
1590 428 1860 477 Romano

192 508 536 559 existimare
570 511 823 559 moleste
858 510 984 559 fero
1018 508 1119 573 qui
1154 510 1439 558 hesterno
1473 507 1570 558 die
1606 525 1695 558 me
1731 524 1860 558 esse
1940 568 1941 571 Ἴ

192 590 434 655 dignum
483 593 802 642 consulatu
850 592 1123 656 negabas.
1205 590 1403 654 Quid?
1454 608 1501 655 p.
1554 593 1614 639 R.
1665 589 1859 640 minus

107 679 167 731 77
192 672 516 737 diligenter
558 672 675 723 sibi
717 672 1123 723 constitueret
1164 674 1548 722 defensorem
1585 689 1758 737 quam
1798 681 1858 721 tu

194 753 340 803 tibi?
405 756 551 805 Cum
577 763 772 804 tecum
798 753 943 803 furti
969 756 1023 803 L.
1045 755 1304 806 Calenus
1329 763 1541 819 ageret,
1570 771 1657 804 me
1681 753 1860 819 potis·
1939 778 1941 783 ·

193 836 402 886 simum
427 838 800 887 fortunarum
834 845 1065 886 tuarum
1099 845 1415 900 patronum
1441 853 1571 887 esse
1595 835 1857 886 voluisti.
1939 893 1945 906 Α,

193 918 378 970 Cuius
404 928 532 969 tute
557 917 878 969 consilium
904 918 963 967 in
989 927 1087 968 tua
1119 918 1466 983 turpissima
1499 935 1677 968 causa
1709 920 1860 969 dele·

190 999 344 1064 gisti,
380 1002 536 1050 hunc
572 999 1133 1050 honestissimarum
1169 1017 1359 1050 rerum
1397 1001 1773 1050 defensorem
1810 1017 1857 1065 p.

194 1085 254 1132 R.
304 1092 548 1133 auctore
590 1092 646 1132 te
688 1082 1008 1148 repudiare
1050 1085 1282 1148 potest?
1364 1081 1495 1132 Nisi
1548 1084 1700 1133 forte
1749 1084 1891 1137 hoc.

191 1164 463 1215 dicturus
511 1181 583 1226 eS,
643 1181 759 1228 quo
815 1173 1075 1228 tempore
1134 1181 1263 1214 cum
1321 1166 1376 1213 L.
1431 1165 1661 1216 Caleno
1716 1163 1860 1214 furti

191 1247 480 1311 depectus
527 1246 618 1307 siS,
669 1263 735 1296 eo
777 1255 1043 1311 ternpore
1085 1246 1143 1295 in
1192 1263 1279 1296 me
1328 1245 1438 1296 tibi
1485 1263 1689 1310 parum
1731 1263 1861 1297 esse

190 1317 374 1378 auxili
410 1328 646 1379 vidisse.

258 1412 388 1460 Vere
427 1427 542 1460 cum
585 1409 736 1475 egerit
779 1410 919 1460 Muci
967 1427 1168 1460 causam
1217 1409 1394 1461 Cicero
1442 1410 1568 1460 sicut
1616 1410 1860 1463 Catilinae

191 1491 348 1557 egisse
378 1509 493 1542 eum
530 1491 685 1542 videri
721 1493 826 1542 vult
863 1493 1155 1553 Fenestella,
1195 1508 1283 1541 cur
1315 1491 1429 1553 iam,
1465 1491 1694 1557 quamvis
1731 1494 1860 1542 male

192 1573 438 1624 existimet
474 1575 538 1624 de
574 1591 724 1624 causa
758 1573 912 1635 Muci,
953 1583 1120 1624 tamen
1157 1573 1203 1624 ei
1233 1574 1496 1639 exprobret
1529 1573 1860 1638 patrocinium

192 1673 355 1718 suum,
380 1673 482 1706 non
509 1654 643 1706 idern
675 1655 726 1704 in
753 1654 968 1707 Catilina
992 1654 1153 1716 faciat,
1182 1654 1223 1705 si
1248 1657 1403 1706 modo
1427 1672 1517 1720 pro
1542 1672 1603 1706 eo
1621 1655 1782 1706 dixit?
1813 1664 1862 1706 et

192 1755 279 1788 cur
303 1737 466 1802 ipsum
493 1737 616 1788 illud
646 1737 888 1789 iudicium
914 1737 1110 1802 saepius
1142 1737 1192 1787 in
1218 1737 1474 1787 infamiam
1501 1739 1682 1788 vocat?
1723 1739 1860 1803 quod

193 1819 386 1885 parcius
396 1819 589 1877 videtur
604 1819 754 1870 fuisse
770 1822 1000 1881 facturuS‚
1013 1819 1054 1870 si
1069 1819 1120 1869 in
1137 1837 1198 1870 eo
1214 1819 1399 1871 iudicio
1418 1820 1590 1871 fuisset
1608 1830 1856 1885 patronuS.
1898 1882 1902 1887 θ

194 1904 361 1965 Atque
386 1910 440 1951 ut
462 1901 557 1951 alia
581 1901 822 1962 omittam,
851 1903 948 1952 hoc
973 1910 1104 1952 certe
1129 1901 1208 1951 vix
1232 1901 1426 1952 videtur
1450 1901 1670 1953 dicturus
1695 1902 1857 1964 fuisse,

193 1982 233 2032 si
259 1982 344 2032 illo
368 1993 579 2047 patrono
607 1983 821 2035 Catilina
844 1985 1229 2048 repetundarum
1255 1984 1512 2034 absolutus
1537 1993 1666 2034 esset
1687 2003 1696 2033 :
1898 2035 1899 2039 ,

262 2060 495 2125 Stupris
544 2077 605 2129 se¹
650 2060 927 2111 omnibus
983 2078 1048 2111 ac
1095 2060 1346 2125 flagitiis
1395 2061 1862 2123 contaminavit,
1944 2109 1950 2131 ,Ι

194 2147 376 2195 caede
423 2144 651 2195 nefaria
694 2144 1065 2207 cruentavit,
1121 2144 1371 2210 diripuit
1419 2144 1651 2206 socios3
1702 2146 1861 2209 leges

194 2226 577 2290 quaestiones
614 2226 843 2277 iudicia
878 2226 1250 2277 violavit—et
1286 2235 1488 2291 postea:
1947 2281 1949 2286 ,

264 2308 423 2372 Quid
465 2326 572 2374 ego
612 2318 672 2358 ut
709 2308 1029 2359 violaveris
1065 2308 1443 2374 provinciam
1485 2308 1862 2374 praedicem?
1940 2338 1967 2392 a*

196 2393 343 2441 Nam
386 2399 448 2439 ut
494 2399 550 2440 te
598 2389 716 2439 illic
763 2390 1021 2455 gesseris
1069 2408 1187 2440 non
1235 2391 1426 2440 audeo
1475 2389 1692 2450 dicere,
1731 2405 1862 2454 quo·
1944 2390 1967 2433 i*

1940 1298 1964 1354 {³

1939 1367 1950 1388 U

1940 1430 1948 1468 ἲ

1939 1469 1952 1565 2

1938 1615 1956 1650 ν,

1940 1654 1950 1768 ξ

1939 1772 1949 1833 5

1938 1869 1946 1897 s

249 2533 275 2559 2
293 2519 518 2571 appellans
538 2518 690 2559 Cicero
708 2519 751 2558 P
857 2532 883 2570 3
913 2520 1022 2559 male
1035 2519 1088 2559 de
1103 2519 1150 2559 P.
1170 2518 1224 2559 R.
1247 2518 1479 2559 Gronovius
1496 2533 1505 2558 ε
1535 2518 1711 2559 malecie
1734 2517 1862 2576 (male
1939 2500 1967 2568 ,ἒξ

194 2615 258 2655 cie
278 2615 335 2666 P)
357 2621 409 2655 tr.
426 2618 458 2657 Σ
475 2629 484 2655 2
518 2585 649 2656 ‘asde
670 2627 717 2655 re
735 2616 790 2666 p.'
807 2630 833 2653 π
944 2629 969 2665 4
999 2615 1199 2655 hesterna
1215 2614 1324 2667 (ext-
1337 2613 1415 2665 S),
1429 2628 1528 2654 corr.
1549 2613 1607 2654 ed.
1621 2613 1723 2655 Ald.
1833 2616 1862 2654 6
1893 2647 1895 2650 .
1940 2601 1949 2619 ²
1966 2616 1967 2627 ¹

195 2672 456 2710 constituere
468 2673 511 2721 Σ,
531 2683 628 2710 corr.
642 2669 786 2710 Baiter
875 2683 898 2720 7
920 2675 1058 2710 tecum
1078 2669 1308 2710 Gronovius
1326 2682 1336 2708 :
1358 2675 1399 2708 te
1413 2673 1444 2708 Σ
1535 2682 1562 2719 9
1582 2675 1626 2708 tu
1643 2674 1686 2709 et
1699 2672 1742 2720 Σ,
1758 2682 1855 2710 corr.
1885 2694 1893 2717 .·

199 2723 328 2763 Orelli
407 2723 651 2777 consilium]
666 2724 865 2764 auxilium
880 2724 1016 2764 Halm
1100 2724 1142 2763 in
1157 2729 1228 2763 tua
1242 2723 1484 2774 turpissima
1496 2736 1578 2763 om.
1598 2722 1652 2761 M
1811 2735 1864 2763 τε
1891 2755 1893 2757 ,
1940 2732 1941 2735 ’
1966 2746 1967 2750 =

197 2791 244 2818 es
264 2778 517 2819 Manutius:
546 2785 613 2819 est
641 2782 672 2820 Σ
826 2791 875 2830 13
904 2779 1096 2819 detectus
1127 2778 1183 2818 sit
1217 2780 1260 2830 Σ,
1293 2790 1390 2817 corr.
1427 2776 1509 2818 KS
1540 2777 1584 2829 (a
1615 2777 1665 2817 L.
1698 2777 1887 2818 Caleno·

197 2875 295 2926 furti
331 2875 498 2916 delatus
527 2875 587 2915 sis
627 2875 873 2928 Manutius>
949 2849 1096 2914 auxilii
1117 2851 1214 2914 <isse
1234 2874 1277 2913 P
1387 2887 1436 2923 14
1465 2873 1622 2914 vidisse
1642 2873 1700 2915 ed.
1722 2873 1826 2914 Ald.
1849 2886 1860 2914 z

197 2930 375 2969 uidisset
396 2934 426 2971 Σ
446 2944 456 2970 :
486 2929 640 2969 vidisse
669 2935 712 2969 te
732 2930 877 2969 Baiter
1080 2941 1128 2979 15
1157 2940 1307 2968 uerum
1327 2933 1373 2968 ut
1388 2933 1536 2979 ageret
1551 2931 1596 2980 Σ,
1618 2941 1715 2969 corr.
1737 2927 1866 2968 Orelli
1936 2937 1961 2985 23?

204 2986 252 3023 16
281 2984 441 3034 egisset
458 2987 503 3035 Σ,
517 2997 616 3023 corr.
638 2983 698 3023 ed.
723 2983 826 3023 Ald.
960 2984 1042 3022 iam
1066 2982 1272 3023 Lodoicus
1291 2996 1301 3022 t
1331 2987 1416 3022 tam
1437 2986 1468 3023 Σ
1486 2996 1495 3022 :
1524 2995 1618 3022 cum
1638 2981 1862 3023 Manutius
1935 2987 1953 3032 ἦ

198 3038 391 3089 quamuis
423 3038 491 3077 P:
532 3038 726 3089 quemuis
755 3037 847 3078 SM
1023 3050 1070 3088 17
1100 3037 1306 3088 exprobet
1330 3040 1374 3087 Σ,
1409 3049 1508 3077 corr.
1541 3036 1600 3078 ed.
1625 3036 1667 3075 V
1733 3069 1736 3074 .
1809 3035 1860 3076 18
1931 3039 1955 3061 Τ

197 3099 238 3132 et
259 3092 318 3132 ed.
333 3092 438 3132 Ald.
459 3107 468 3131 :
498 3100 543 3133 ut
563 3097 594 3133 Σ
613 3107 623 3133 :
652 3098 724 3132 aut
742 3092 888 3132 Baiter
998 3103 1047 3142 ¹9
1066 3091 1180 3130 illum
1202 3090 1292 3130 SM
1388 3103 1442 3131 20
1461 3091 1680 3131 uideretur
1699 3094 1744 3140 Σ,
1756 3103 1855 3131 corr.
1951 3101 1960 3116 ’

197 3145 345 3186 Baiter
491 3158 543 3185 22
573 3153 639 3187 est
661 3150 703 3198 Σ,
726 3157 824 3187 corr.
846 3145 988 3186 Baiter
1137 3158 1188 3197 25
1218 3157 1270 3185 m·
1295 3156 1456 3185 ΡοετεΑ
1476 3145 1518 3186 P
1625 3158 1675 3196 27
1698 3146 1780 3186 illis
1798 3144 1835 3186 S
