1988 3334
322 133 398 180 IN
436 132 873 181 ORATIONEM
915 131 991 179 IN
1029 131 1223 180 TOGA
1261 130 1592 181 CANDIDA
1740 132 1804 193 89

194 272 275 320 Te
312 288 463 331 vero,
500 270 777 331 Catilina,
814 272 1193 321 consulatum
1237 287 1478 334 sperare
1521 279 1618 319 aut
1654 269 1804 334 cogi-

66 390 86 414 Ι.
128 361 251 400 tare
310 369 426 401 non
486 351 822 416 prodigium
886 360 1067 416 atque
1132 361 1475 416 portentum
1541 353 1667 401 est?
1758 354 1802 400 A

59 439 89 503 Ι
127 433 345 498 quibus
382 433 536 484 enim
580 433 776 498 petis?
848 436 893 483 A
932 433 1309 498 principibus
1349 433 1656 483 civitatis?
1703 433 1802 497 qui

50 527 70 582 35}
127 514 253 575 tibi,
303 532 433 565 cum
487 518 542 565 L.
594 515 884 565 Volcacio
931 532 1046 566 cos,
1107 515 1165 564 in
1221 515 1480 566 consilio
1528 514 1799 575 fuissent,

58 579 59 595 ¹
127 614 197 647 ne
234 596 478 661 petendi
515 596 756 662 quidem
792 605 1154 662 potestatem
1194 614 1324 647 esse
1362 598 1694 647 voluerunt.

62 677 67 684 '
195 680 352 728 Paulo
387 687 504 728 ante
536 678 752 729 diximus
791 678 1073 739 Catilinam,
1108 696 1225 729 cum
1254 680 1319 730 de
1351 677 1607 744 provincia
1636 677 1805 727 Africa

48 751 66 811 ἐξ
125 762 390 812 decederet
413 761 656 825 petiturus
682 764 996 812 consulatum
1021 771 1070 812 et
1094 761 1241 828 legati
1260 761 1367 812 Afri
1392 761 1556 826 questi
1580 762 1645 812 de
1670 778 1732 811 eo
1751 759 1802 810 in

48 835 91 892 ἶ
125 851 301 893 senatu
334 842 545 907 graviter
574 850 736 903 essent,
771 843 1128 908 supervenisse.
1218 845 1475 894 Professus
1509 842 1695 893 deinde
1724 851 1800 892 est

47 908 85 960 ²·'
125 923 341 975 Catilina
364 933 532 989 petere
556 941 609 974 se
634 926 962 975 consulatum.
1052 927 1106 974 L.
1129 924 1397 975 Volcacius
1422 927 1599 975 Tullus
1624 926 1801 975 consul
1823 929 1896 978 80

60 991 64 1056 f
125 1005 389 1056 consilium
431 1005 689 1071 publicum
731 1006 906 1057 habuit
946 1024 1011 1057 an
1052 1006 1295 1057 rationem
1336 1006 1581 1059 Catilinae
1617 1006 1802 1056 habere

87 1076 90 1087 ’
123 1089 342 1150 deberet,
379 1088 421 1138 si
455 1098 645 1153 peteret
677 1092 1024 1140 consulatum:
1062 1107 1179 1139 nam
1213 1090 1544 1154 quaerebatur
1576 1098 1803 1154 repetun-

44 1205 46 1210 -
124 1171 313 1220 darum.
389 1170 605 1222 Catilina
629 1171 695 1221 ob
722 1188 834 1221 eam
860 1188 1061 1221 causam
1087 1171 1277 1221 destitit
1300 1189 1331 1221 a
1354 1170 1610 1236 petitione.

192 1254 239 1301 A
278 1252 695 1309 senatoribus?
736 1253 837 1317 qui
870 1262 927 1303 te
951 1253 1316 1303 auctoritate
1342 1271 1447 1304 sua
1475 1253 1801 1318 spoliatum

60 1320 64 1333 ι
125 1334 493 1385 ornamentis
563 1335 840 1386 omnibus
900 1335 1166 1385 vinctum
1237 1353 1426 1400 paene
1496 1334 1802 1385 Africanis

42 1410 45 1474 J
85 1426 95 1460 ’.
125 1415 462 1467 oratoribus
499 1416 912 1468 tradiderunt?

42 1486 43 1494 ἵ
195 1497 423 1548 Diximus
449 1501 603 1549 modo
628 1501 693 1550 de
718 1501 829 1549 hoc.
904 1501 1036 1549 Nam
1069 1498 1310 1549 iudicium
1336 1516 1539 1563 quoque
1575 1508 1801 1549 secutum

42 1591 43 1595 ’
86 1571 89 1573 ’
123 1588 193 1630 est
213 1582 615 1645 repetundarum,
643 1598 744 1646 quo
770 1581 876 1646 ipse
900 1599 987 1646 per
1019 1581 1274 1631 infamiam
1313 1581 1547 1631 liberatus
1574 1590 1649 1630 est
1673 1581 1804 1632 Cati-

42 1650 43 1653 *
124 1662 237 1724 lina,
289 1664 378 1713 sed
426 1662 495 1713 ita
544 1672 599 1713 ut
646 1673 930 1714 senatorum
979 1681 1103 1713 urna
1154 1665 1429 1724 damnaret,
1479 1662 1704 1727 equitum
1754 1673 1803 1713 et

87 1734 90 1739 ⁵
123 1744 435 1795 tribunorum
469 1746 759 1797 absolveret.

60 1857 96 1864 --
195 1827 284 1876 Ab
321 1827 585 1892 equestri
622 1828 868 1879 ordine?
915 1845 1084 1893 quem
1124 1828 1484 1879 trucidasti?

45 1881 50 1999 ι
195 1911 440 1973 Equester
487 1912 613 1960 ordo
672 1927 762 1975 pro
810 1909 1052 1961 Cinnanis
1101 1910 1322 1975 partibus
1383 1921 1555 1960 contra
1614 1912 1802 1961 Sullam

38 2005 48 2073 Ις
84 2046 89 2049 Ι
125 1998 338 2050 steterat,
378 1990 620 2055 multique
656 1991 893 2056 pecunias
931 1992 1263 2042 abstulerant:
1315 2009 1374 2042 ex
1410 2009 1511 2057 quo
1548 1991 1804 2042 saecularii

36 2076 48 2164 ‘i
86 2092 91 2099 ’
125 2081 263 2122 erant
303 2073 551 2138 appellati,
586 2083 736 2139 atque
773 2075 840 2124 ob
877 2073 981 2124 eius
1019 2074 1087 2125 rei
1124 2074 1361 2125 invidiam
1399 2085 1512 2140 post
1548 2077 1802 2125 Sullanam

36 2170 46 2225 3¹
125 2153 381 2205 victoriam
407 2165 545 2206 erant
570 2156 826 2206 interfecti.

194 2239 241 2286 A
261 2237 474 2301 plebe?
510 2238 605 2288 cui
643 2241 1054 2303 spectaculum
1081 2238 1208 2289 eius
1243 2239 1404 2289 modi
1431 2248 1530 2289 tua
1554 2240 1820 2291 crudeli—-

34 2291 92 2400 Ἠ
127 2326 215 2368 tas
257 2319 548 2383 praebuit,
592 2329 653 2370 ut
690 2327 739 2369 te
774 2337 946 2370 nemo
989 2320 1117 2371 sine
1158 2320 1381 2386 gemitu
1422 2338 1492 2372 ac
1535 2324 1804 2373 recorda-

36 2401 63 2462 ῑξῑ
127 2398 291 2450 tione
327 2403 525 2451 luctus
561 2402 830 2466 aspicere
866 2402 1095 2466 possit?

34 2458 89 2539 ιγ

39 1748 42 1794 l

38 1879 41 1906 ι

38 1915 41 1956 1

181 2543 206 2570 2
236 2543 292 2571 ex
312 2531 464 2582 quibus
478 2535 523 2582 Σ,
541 2544 641 2571 corr.
662 2532 886 2573 Manutius
1051 2547 1076 2584 4
1107 2533 1333 2573 Volcacius
1353 2533 1541 2587 Poggius
1653 2536 1802 2576 fuisset

33 2630 36 2640 Ι
127 2587 174 2633 Σ,
194 2598 294 2625 corr.
322 2585 501 2638 Madvig
607 2588 635 2626 6
663 2600 756 2639 cum
780 2587 1004 2627 Catilinam
1023 2588 1067 2627 P
1174 2589 1200 2627 8
1229 2594 1374 2628 essent
1396 2590 1580 2641 supplevi
1597 2590 1803 2643 (hocloco,

33 2655 60 2701 ζ’
89 2683 92 2687 ,
121 2644 220 2692 post
249 2641 389 2690 questi
419 2640 632 2693 Bu‘cheler)
655 2656 663 2681 z
692 2655 777 2681 om.
816 2647 847 2683 Σ
996 2643 1296 2693 supervenisse
1326 2644 1494 2695 scripsi:
1537 2645 1805 2695 pervenisset

58 2700 59 2707 ¹
130 2696 242 2746 (-ent
279 2694 338 2747 P)
378 2699 409 2736 Σ
445 2696 512 2746 (cf.
553 2697 620 2746 85,
655 2710 696 2747 4,
731 2710 798 2747 37.
836 2710 875 2746 4,
914 2709 982 2746 43.
1023 2697 1120 2750 15):
1160 2698 1448 2749 vituperatum
1481 2711 1579 2740 esse
1608 2699 1810 2740 Bacheler

127 2754 194 2788 est
213 2749 277 2789 P:
307 2762 403 2790 esse
423 2749 514 2789 SM
646 2765 673 2803 9
702 2752 917 2791 uolcacios
937 2751 980 2790 P
1125 2764 1174 2802 13
1202 2766 1227 2792 a
1246 2753 1306 2792 ed.
1330 2753 1444 2792 Iuni.
1467 2768 1475 2793 :
1504 2767 1558 2793 an
1580 2759 1611 2796 Σ
1755 2767 1803 2805 15

32 2839 35 2855 Ι
59 2813 62 2857 3
84 2810 88 2851 j
128 2801 368 2844 aratoribus
387 2805 555 2845 Bardili
663 2819 709 2857 17
732 2812 799 2847 est
818 2806 915 2846 add.
934 2806 1016 2846 KS
1098 2820 1182 2858 quo
1202 2807 1308 2847 KS:
1337 2809 1452 2858 quod
1473 2807 1588 2848 SM:
1618 2824 1642 2849 a
1663 2822 1747 2859 quo
1765 2810 1809 2850 P

31 2865 61 2906 Ἰ
131 2859 182 2897 18
210 2859 323 2899 sedit
360 2859 455 2912 (sed
487 2860 529 2900 id
564 2859 619 2912 S)
652 2866 792 2900 autem
823 2860 924 2911 SP',
958 2874 1060 2900 corr.
1082 2861 1280 2915 Poggius,
1316 2863 1393 2902 M:
1434 2864 1510 2903 sed
1544 2865 1602 2904 ita
1632 2870 1676 2903 ut
1707 2877 1805 2904 eum

896 2927 912 2949 S

80 2950 82 2955 '
127 2952 347 2994 Hotoman
552 2969 600 2996 21
633 2958 671 2997 ei
694 2955 745 2997 ιῒί·
769 2962 800 2998 Σ
821 2972 829 2996 :
860 2961 870 2979 ⁴
886 2972 916 2998 c.
941 2958 1160 3008 equester'
1183 2974 1211 2997 π
1412 2973 1464 2998 22
1494 2960 1737 3011 multasque
1759 2967 1801 3009 Σ,

58 3037 62 3044 .
128 3020 226 3049 corr.
249 3009 331 3049 KS
476 3012 746 3051 contulerant
766 3011 803 3052 S
979 3025 1031 3063 25
1062 3013 1234 3054 cuiusS
1397 3017 1530 3064 26-27
1562 3022 1604 3054 ut
1627 3022 1669 3055 te
1700 3044 1708 3054 .
1746 3045 1754 3054 .
1789 3045 1799 3055 .

128 3064 262 3113 possit
283 3064 483 3116 Madvig:
514 3072 558 3105 ut
580 3095 589 3103 .
616 3096 624 3104 .
651 3096 659 3104 .
686 3096 695 3105 .
719 3073 866 3118 posset
888 3072 918 3107 Σ
