1988 3334
243 148 304 192 42
894 132 1240 181 Ascomvs

338 199 385 209 *⁷

241 270 453 321 militum
495 280 776 336 potuerunt.
838 273 1029 336 <Itaque
1066 277 1172 320 non
1213 287 1273 320 ea
1309 286 1408 335 qua
1446 269 1622 320 solims
1657 278 1760 320 erat
1834 292 1877 315 ιο
1965 328 1968 347 ¹

240 352 419 402 stantia
443 352 579 403 dixit.
642 355 818 403 Manet
841 362 1008 404 autem
1032 352 1115 403 illa
1139 367 1341 417 quoque
1364 360 1570 418 excepta
1593 350 1698 402 eius
1722 367 1755 402 o
1787 351 1880 395 ιη’-ι
1938 383 1943 389 >=
1965 348 1966 351 ’

241 433 433 497 scripsit
457 450 574 484 vero
607 435 736 484 hanc
761 451 911 499 quam
937 434 1145 500 legimus
1175 434 1243 485 ita
1274 435 1491 499 perfecte
1522 442 1577 484 ut
1611 433 1715 483 iure
1749 433 1824 498 pri
1872 460 1876 479 2
1935 428 1941 443 ‘¹

239 515 410 565 haberi
434 515 602 580 possit.

794 757 1356 818 ENARRATIO

746 882 941 931 VERs.
982 884 1029 930 A
1065 882 1298 931 PRIMO
1336 882 1379 930 L

149 1006 214 1056 37
305 990 350 1057 (ξ
377 991 445 1058 3.)
482 993 676 1040 Vnum
735 1007 921 1055 genus
979 999 1068 1040 est
1126 991 1436 1041 adversum
1501 990 1868 1055 infestumqu
1936 977 1963 983 '¹

236 1073 410 1124 nobis
445 1082 495 1124 et
530 1082 705 1124 cetera.
1121 1081 1129 1087 “

305 1158 383 1206 Ita
414 1165 468 1206 ut
500 1155 552 1204 in
585 1172 764 1205 causae
797 1154 1105 1219 expositione
1141 1153 1369 1216 diximuS,
1397 1153 1656 1204 Munatius
1691 1155 1845 1204 Plane
1876 1185 1881 1191 Δ
1960 1206 1963 1217 ‚

234 1237 392 1302 pridie
428 1254 518 1302 pro
551 1237 786 1288 contione
818 1239 1061 1303 populum
1093 1239 1383 1288 adhortatus
1425 1246 1527 1288 erat
1562 1254 1626 1288 ne
1658 1245 1826 1301 patere
1886 1249 1889 1252 ’
1960 1224 1963 1272 ἷ

234 1318 363 1370 elabi
391 1319 650 1369 Milonem.

750 1460 908 1508 VER.
948 1462 994 1508 A
1031 1459 1264 1509 PRIMO
1303 1459 1406 1510 CC'

303 1567 478 1634 (§12.)
516 1569 841 1618 Declarant
900 1566 1075 1617 huius
1134 1567 1393 1618 ambusti
1441 1567 1665 1617 tribuni
1711 1566 1882 1632 plebi
1932 1555 1960 1627 ²1„

235 1650 373 1700 illae
405 1650 832 1700 intermortuae
869 1649 1191 1700 contiones
1217 1648 1434 1714 quibus
1465 1649 1691 1700 cotidie
1716 1665 1884 1699 mea·
1928 1663 1960 1712 ς,

233 1731 563 1798 potentiam
605 1731 904 1781 invidiose
942 1730 1379 1781 criminabatur.
1878 1729 1883 1740 ’

299 1816 358 1863 Τ.
386 1813 644 1864 Munatius
682 1815 894 1863 Plancus
929 1821 978 1863 et
1015 1814 1077 1876 Q.
1107 1812 1375 1878 Pompeius
1405 1814 1567 1863 Rufus
1599 1812 1783 1863 tribuni
1817 1814 1881 1878 pl3
1928 1815 1934 1836 '

230 1897 296 1946 de
319 1895 500 1960 quibus
525 1912 577 1945 m
601 1904 892 1960 argumento
916 1894 1063 1945 huius
1089 1894 1323 1945 orationis
1342 1894 1569 1956 diximuS,
1592 1912 1707 1945 cum
1731 1912 1828 1945 con
1881 1919 1885 1925 ’
1925 1914 1931 1922 ’

233 1977 479 2028 Milonem
505 1977 726 2042 Scipioni
750 1985 799 2027 et
825 1979 1065 2041 Hypsaeo
1090 1977 1358 2038 studerent,
1386 1976 1658 2027 contionati
1693 1985 1808 2027 sunt
1881 2011 1883 2013 -
1927 1973 1957 2050 'fs

230 2059 339 2123 ipso
393 2068 617 2123 tempore
670 2058 971 2123 plebemque
1026 2058 1077 2107 in
1125 2057 1371 2108 Milonem
1417 2059 1754 2108 accenderunt
1799 2074 1833 2123 q
1876 2086 1882 2096 -

230 2149 431 2205 propter
455 2140 604 2191 Clodi
628 2156 808 2205 corpus
833 2138 968 2189 curia
991 2138 1195 2189 incensa
1219 2147 1307 2200 est,
1329 2155 1422 2189 nec
1446 2138 1581 2203 prius
1605 2138 1785 2190 destite
1855 2164 1875 2190 ι.

230 2238 382 2286 quam
406 2223 608 2272 flamma
638 2221 744 2272 eius
777 2220 996 2271 incendii
1028 2220 1181 2285 fugati
1213 2229 1328 2271 sunt
1363 2237 1391 2271 e
1423 2220 1672 2272 contione.
1747 2223 1879 2271 Era>
1951 2236 1954 2257 ¹

230 2304 365 2354 enim
412 2312 532 2353 tunc
578 2312 733 2353 rostra
781 2319 884 2353 non
939 2319 1000 2353 eo
1047 2305 1160 2352 loco
1207 2319 1308 2367 quo
1356 2319 1491 2353 nunc
1538 2312 1652 2353 sunt
1699 2305 1788 2354 sed
1922 2315 1930 2361 ῑ,

230 2385 504 2446 comitium,
548 2401 703 2450 prope
750 2385 919 2435 iuncta
966 2384 1144 2435 curiae.
1231 2385 1314 2436 Ob
1362 2386 1459 2435 hoc
1506 2387 1566 2435 T.
1611 2384 1862 2435 Munatiu-
1923 2379 1952 2453 ᾗῇ

229 2467 567 2518 ambustum
626 2466 929 2516 tribunum
998 2467 1246 2530 appellat3
1314 2465 1405 2516 fuit
1462 2475 1629 2516 autem
1699 2473 1836 2531 parat
1869 2511 1871 2517 ,
1923 2455 1943 2523 2}

229 2550 294 2599 ad
331 2547 615 2599 dicendum.
1874 2555 1875 2558 ’
1932 2538 1941 2549 ”

838 2656 1071 2707 PAVLO
1119 2656 1292 2706 POST

303 2759 349 2825 (ξ
379 2759 477 2826 13.)
516 2760 632 2810 Cur
696 2757 876 2822 igitur
935 2757 1280 2809 incendium
1346 2757 1554 2819 curiae,
1611 2751 1870 2827 oppugn

285 2902 314 2939 9
342 2901 493 2928 causae
513 2888 718 2940 Madvig:
746 2901 798 2928 ea
818 2891 850 2929 Σ
1019 2899 1065 2938 17
1097 2889 1139 2927 in
1160 2886 1255 2928 add.
1279 2885 1500 2928 Manutius
1668 2900 1717 2938 19
1745 2899 1862 2928 acces
1930 2878 1939 2916 ’ἶ

235 2945 386 2983 det-ent
406 2942 443 2982 S
551 2944 666 2994 quod
687 2945 730 2991 Σ,
754 2955 855 2983 corr.
879 2941 1102 2982 Manutius
1266 2955 1319 2982 20
1347 2945 1461 2982 esset
1483 2944 1527 2993 Σ,
1551 2955 1648 2982 corr.
1669 2940 1844 2983 Mamm·
1867 2947 1873 2991 j
1918 2940 1945 2979 Δ]

234 2998 489 3038 destiterunt
510 2996 575 3037 P:
605 2997 863 3036 desistemnt
883 2996 973 3035 SM
1926 3012 1931 3020 ι
