1988 3334
213 106 274 151 26
582 142 587 147 .
870 95 1216 158 AscoNIVS

325 199 361 206 κ

213 247 451 295 cellorum
494 248 741 311 appellata
782 256 856 297 est
890 248 1097 312 plebeia,
1131 264 1260 312 quae
1301 248 1624 298 Pulchrorum
1662 246 1877 313 patricia.

217 328 318 378 Sed
341 328 439 377 hoc
463 329 576 397 loco
601 328 790 378 urbane
814 327 993 380 Cicero
1006 317 1137 379 xlusit
1161 328 1212 378 in
1248 331 1301 380 C.
1330 329 1755 393 Claudium,‚cum
1781 345 1870 394 qu
1931 335 1956 371 -2

123 424 189 472 23
212 408 264 459 in
287 409 492 474 gratiam
517 426 620 460 non
653 410 875 460 redierat.
947 412 1080 461 Nam
1116 410 1234 476 quia
1261 410 1302 461 is
1338 412 1392 461 P.
1420 409 1570 462 Clodi
1605 419 1708 462 erat
1738 412 1881 461 frat

215 490 301 556 qui
325 508 385 541 ex
407 491 612 556 patricia
636 490 687 540 in
712 491 960 556 plebeiam
985 492 1220 542 familiam
1246 492 1502 543 transierat
1525 508 1612 557 per
1635 508 1831 543 summa

213 572 481 634 infamiam,
510 590 626 624 eum
651 589 854 638 quoque
877 573 1105 624 dubitare
1128 575 1295 625 adhuc
1318 573 1454 624 dixit.

481 768 654 818 POST
676 769 874 833 >DVAS
912 770 1182 818 PARTES
1220 769 1612 819 ORATIONIS

243 895 251 900 ·
284 879 435 929 dicit
459 878 596 928 dein
621 880 693 928 de
718 880 937 928 Scauro
963 895 1135 943 quem
1160 878 1461 929 defendit:
1889 939 1892 944 .

285 961 411 1027 (45.)
449 962 596 1011 Nam
632 977 762 1010 cum
804 977 871 1011 ex
909 960 1110 1010 multis
1149 977 1296 1011 unus
1333 960 1386 1011 ei
1423 969 1675 1011 restaret
1716 961 1869 1011 Dola

218 1045 376 1094 bella
411 1052 695 1108 paternus
729 1042 1005 1093 inimicus
1037 1042 1138 1107 qui
1174 1060 1302 1093 cum
1336 1044 1398 1106 Q.
1427 1042 1731 1108 Caepione
1763 1059 1858 1107 pr·

215 1126 441 1192 pinquo
465 1142 571 1175 suo
597 1134 804 1175 contra
828 1126 1110 1175 Scaurum
1138 1134 1364 1190 patrem
1394 1141 1560 1175 suum
1586 1123 1868 1188 subsigna

216 1216 413 1258 verat:
483 1224 579 1257 eas
643 1206 757 1256 sibi
821 1205 1172 1257 inimicitias
1232 1223 1349 1256 non
1415 1214 1725 1271 susceptas
1784 1222 1884 1257 se·

219 1290 461 1342 relictas
497 1299 546 1341 et
583 1298 757 1340 cetera.
1959 1340 1960 1344 Ἰ

285 1374 364 1423 Ne
389 1374 513 1422 forte
538 1371 705 1422 erretis
730 1380 779 1422 et
812 1372 1025 1422 eundem
1065 1372 1200 1420 hunc
1234 1371 1326 1421 Cn.
1358 1370 1672 1420 Dolabellam
1705 1370 1886 1435 ρυῐθῖῐ
1936 1373 1961 1426 ἑ

217 1471 325 1505 esse
350 1454 401 1503 in
426 1471 576 1518 quem
603 1454 659 1505 C.
689 1452 913 1504 Caesaris
946 1452 1194 1503 orationes
1227 1451 1399 1516 legitiS,
1428 1451 1551 1502 scire
1575 1468 1663 1502 vos
1693 1462 1885 1517 oporte

216 1539 344 1588 duos
369 1537 548 1587 eodem
573 1553 622 1585 eo
647 1544 870 1600 tempore
894 1534 1044 1586 fuisse
1073 1544 1122 1585 et
1158 1533 1480 1599 praenomine
1516 1543 1565 1584 et
1600 1534 1804 1585 nomine
1838 1551 1888 1585 e
1959 1529 1961 1536 ’

216 1617 516 1684 cognomine
560 1617 860 1668 Dolabellas,
936 1619 1134 1667 Horum
1171 1615 1316 1681 igitur
1350 1617 1558 1666 alterum
1596 1616 1778 1667 Caesar
1811 1632 1870 1666 ac

217 1700 406 1751 cusavit
454 1716 547 1750 nec
594 1699 883 1761 damnavit3
933 1700 1142 1749 alterum
1184 1700 1255 1748 M.
1298 1699 1509 1748 Scaurus
1551 1706 1600 1748 et
1640 1696 1867 1748 accusavi
1879 1752 1886 1759 „

217 1793 266 1856 et
301 1782 568 1852 damnavit.
1935 1771 1937 1773 ’

525 1986 698 2036 POST
734 1986 914 2034 TRES
952 1986 1221 2033 PARTES
1258 1986 1307 2034 A
1346 1984 1578 2034 PRIMO

287 2113 388 2162 quo
411 2097 525 2146 loco
550 2094 786 2155 defendit,
815 2095 953 2159 quod
978 2102 1079 2144 tam
1105 2091 1418 2158 magnificam
1443 2095 1651 2144 domum
1678 2094 1890 2144 Scaurw

218 2180 402 2230 habet:

287 2261 414 2328 (45.)
450 2258 810 2310 Praesertim
850 2275 978 2309 cum
1020 2256 1437 2324 propinquitas
1476 2265 1531 2308 et
1572 2256 1881 2307 celebrita

224 2343 344 2393 loci
381 2341 790 2407 suspicionem
827 2340 1097 2392 desidiae
1132 2342 1307 2391 tollat
1342 2348 1440 2390 aut
1477 2337 1839 2404 cupiditatis,
1880 2332 1887 2407 J

280 2486 297 2513 1
330 2474 583 2525 plebeiaque
604 2472 727 2524 (-que
747 2477 790 2512 et
810 2472 868 2524 P)
884 2474 927 2523 Σ,
951 2484 1049 2513 corr.
1067 2469 1293 2511 Manutius
1402 2482 1428 2509 2
1457 2469 1492 2509 C
1512 2467 1607 2510 add.
1632 2469 1734 2509 Rau
1889 2509 1890 2512 ,

221 2541 315 2569 eum
337 2528 505 2581 scripsi:
535 2540 582 2568 se
602 2531 634 2568 Σ
655 2542 664 2567 :
694 2527 833 2578 ipsum
853 2525 1032 2578 Madvig
1051 2525 1131 2576 (vel
1146 2526 1213 2578 C.)
1363 2536 1385 2573 7
1416 2524 1524 2564 dixit
1543 2528 1588 2575 Σ,
1609 2536 1707 2565 corr.
1731 2521 1869 2564 Manu
1960 2516 1963 2536 '

222 2585 308 2624 tius
445 2583 543 2622 dein
565 2582 619 2622 de
639 2580 677 2621 S
695 2595 706 2621 ε
734 2581 891 2621 deinde
910 2580 976 2621 P:
1005 2580 1106 2620 dein
1127 2579 1180 2619 M
1285 2580 1311 2618 8
1341 2577 1551 2619 dolabella
1571 2578 1622 2618 M
1639 2593 1648 2618 :
1678 2577 1860 2618 dolobell
1960 2604 1962 2621 1

223 2637 302 2678 SP
320 2637 397 2690 (ita
417 2637 592 2689 semper)
717 2650 744 2687 9
773 2636 1030 2686 quicumque
1049 2634 1088 2674 S
1213 2646 1262 2674 10
1291 2646 1413 2674 suum
1433 2632 1508 2674 del.
1527 2631 1665 2673 Halm
1776 2630 1887 2676 obsi,
1937 2671 1939 2674 Α

224 2697 434 2743 gnauerat
448 2694 492 2743 Σ,
512 2704 611 2730 corr.
628 2689 868 2730 Mommsen
957 2701 1002 2730 11
1027 2689 1123 2742 eas]
1146 2695 1311 2729 ceteras
1331 2686 1425 2728 add.
1446 2686 1483 2726 S
1503 2687 1542 2740 (e
1560 2700 1598 2728 v.
1620 2699 1667 2726 12
1688 2686 1856 2739 repetit.)
1937 2735 1940 2738 ‚
1960 2724 1962 2737 ,

225 2752 409 2786 steteras
429 2745 525 2785 add.
548 2745 648 2796 PM,
672 2744 746 2786 del.
766 2744 965 2796 Kreyssig
1075 2744 1157 2784 sibi
1178 2756 1262 2783 om.
1287 2741 1325 2782 S
1464 2754 1512 2781 12
1543 2741 1699 2781 relatas
1719 2744 1762 2794 Σ,
1786 2753 1887 2781 corr
1938 2739 1963 2783 „⁵

227 2800 349 2840 Beier
520 2811 569 2850 13
598 2800 751 2839 erretis
781 2797 908 2840 5²10:
938 2798 1090 2839 erratis
1111 2796 1148 2837 S
1156 2797 1221 2837 ¹M
1340 2809 1436 2836 esse
1459 2796 1616 2847 putetis
1638 2793 1675 2834 S
1841 2806 1858 2834 1
1879 2807 1891 2846 3³
1936 2796 1943 2831 ᾧ

224 2855 374 2895 eodem
400 2868 451 2893 eo
469 2859 663 2905 tempore
682 2855 854 2905 scripsit
883 2854 1029 2893 eodem
1050 2859 1243 2904 tempore
1264 2855 1295 2892 Σ
1313 2865 1323 2891 2
1352 2851 1502 2890 eodem
1524 2856 1715 2902 tempore
1737 2849 1891 2890 eodem.
1933 2842 1942 2863 ¹
1960 2872 1963 2887 .

223 2909 369 2948 Baiter
533 2909 583 2948 16
614 2908 876 2948 Dolabellam
892 2912 987 2959 post
1005 2907 1180 2948 alterum
1204 2905 1298 2946 add.
1318 2908 1365 2955 Σ,
1381 2904 1445 2944 del
1471 2904 1699 2944 Manutius
1839 2915 1855 2942 1
1870 2915 1891 2941 ·3

227 2975 333 3003 posr
351 2975 460 3002 ‘rans
481 2975 656 3003 PARTES.
690 2963 833 3002 Primo
852 2962 916 3001 P:
945 2962 1155 3013 prioribus
1174 2961 1420 3000 continuant
1437 2934 1526 2998 &M
1677 2958 1715 2997 Α
1735 2961 1820 2998 om.
1843 2958 1893 3003 Σ).
1932 2962 1950 3012 {⁴

224 3018 358 3071 suppl.
386 3016 530 3057 Baiter
1941 3045 1947 3053 .
