1988 3334
199 138 262 184 88
327 180 375 189 Ν
864 136 1210 185 ASCONIVS

266 276 431 323 Alter
455 274 690 324 induxit
715 291 845 323 eum
871 290 1042 337 quem
1075 273 1276 338 potuit
1299 283 1362 322 ut
1390 282 1626 338 repente
1649 273 1888 338 gladia·
1954 314 1957 324 .

197 365 353 405 tores
401 358 624 420 populo
666 373 782 405 non
820 355 1063 405 debitos
1110 354 1536 419 polliceretur,
1589 371 1690 404 eos
1740 354 1865 420 ipse
1955 421 1957 424 Α

195 436 527 487 consularis
553 436 910 487 candidatus
936 436 1239 501 perspexit
1263 445 1320 486 et
1348 435 1494 501 legit
1518 446 1575 486 et
1599 435 1776 498 emit,
1765 455 1775 464 ·
1808 437 1874 486 id

194 527 510 582 praesente
535 520 760 583 populo
787 520 1058 568 Romano
1094 519 1319 568 factum
1355 527 1457 567 est.

265 600 327 660 Ω.
365 598 596 665 Gallium,
636 615 787 662 quem
812 607 986 688 postea
1010 603 1148 648 reum
1173 598 1390 648 ambitus
1414 598 1656 660 defendit,
1688 597 1866 663 signifi-

197 696 307 728 care
343 678 549 729 videtur.
625 679 728 730 Hic
764 679 897 729 enim
937 697 1052 729 cum
1091 689 1222 729 esset
1258 689 1514 744 praeturae
1552 679 1884 741 candidatus,
1939 682 1960 740 ἦ

106 767 174 817 79
197 762 335 823 quod
368 760 419 809 in
454 760 706 811 aedilitate
742 778 892 825 quam
925 770 1042 811 ante
1076 779 1262 811 annum
1297 770 1514 825 gesserat
1545 760 1728 811 bestias
1760 777 1863 811 non
1959 813 1960 825 χ

196 843 450 903 habuerat,
501 843 640 894 dedit
686 842 1032 908 gladiatorium
1081 860 1258 892 munus
1305 843 1399 893 sub
1447 842 1592 893 titulo
1638 842 1764 907 patri
1811 859 1884 892 se·
1959 870 1961 903 ς

195 923 247 974 id
283 925 415 974 dare.
1893 914 1898 920 ’

265 1007 454 1068 Quam
491 1007 565 1056 ob
601 1024 717 1056 rem
747 1016 959 1071 augete
995 1006 1172 1056 etiam
1206 1008 1554 1067 mercedem,
1587 1005 1633 1056 si
1666 1005 1858 1067 voltis,
1960 1053 1962 1065 ζ

196 1089 258 1149 Ω.
306 1087 467 1137 Muci
510 1097 571 1136 ut
609 1097 950 1151 perseveret
991 1090 1179 1152 legem
1226 1087 1523 1152 impedire,
1562 1096 1623 1136 ut
1664 1086 1863 1152 coepit
1888 1133 1890 1139 ,

194 1178 438 1218 senatus
491 1171 830 1219 consultum
848 1188 862 1231 3
921 1171 1025 1220 sed
1080 1186 1186 1233 ego
1239 1186 1304 1219 ea
1358 1171 1488 1233 lege
1544 1172 1886 1219 contentus

194 1266 319 1299 sum
361 1266 474 1314 qua
520 1251 668 1300 duos
716 1252 995 1300 consules
1043 1249 1392 1314 designatos
1440 1267 1557 1299 uno
1598 1259 1862 1315 tempore

193 1331 460 1380 damnari
496 1331 766 1382 vidimus.

262 1414 448 1477 Legem
486 1413 807 1478 Calpurniam
845 1413 1088 1478 significat
1124 1430 1275 1478 quam
1311 1414 1367 1464 C.
1408 1412 1707 1477 Calpurnius
1748 1411 1863 1462 Piso
1879 1444 1883 1450 ·
1939 1426 1964 1480 ζ»

194 1503 311 1544 ante
347 1494 615 1544 triennium
649 1496 712 1544 de
736 1494 928 1544 ambitu
962 1496 1152 1544 tulerat.
1229 1496 1383 1556 Quod
1420 1493 1542 1543 dicit
1576 1502 1743 1543 autem
1781 1494 1863 1543 da·
1940 1481 1949 1541 i

195 1586 391 1626 mnatos
411 1593 518 1627 esse
543 1576 827 1641 designatos
844 1578 1088 1637 consuleS‚
1111 1579 1164 1625 P.
1187 1577 1375 1626 Sullam
1401 1584 1450 1625 et
1475 1578 1527 1624 P.
1549 1574 1862 1636 Autronium,
1884 1606 1886 1609 .

194 1658 258 1707 de
294 1657 476 1722 quibus
509 1657 607 1707 iam
641 1658 875 1720 diximu8,
910 1660 1014 1708 vult
1051 1656 1283 1722 intellegi.
1358 1658 1654 1721 Cognomen
1695 1665 1863 1707 autem
1883 1665 1890 1728 ]
1940 1707 1949 1728 Υ,

195 1741 257 1801 Ω.
289 1738 462 1788 Mucio
487 1739 688 1789 tribuno
714 1756 864 1803 quem
891 1738 1116 1789 nominat
1141 1737 1233 1788 fuit
1258 1737 1533 1788 Orestinus.
1886 1806 1888 1810 .
1939 1733 1944 1751 ¹

262 1823 457 1885 Atque
509 1830 570 1871 ut
626 1821 803 1871 istum
860 1821 1130 1872 omittam
1187 1820 1244 1870 in
1298 1819 1562 1871 exercitu
1617 1822 1863 1870 Sullano

196 1905 570 1968 praedonem,
621 1904 678 1952 in
736 1903 988 1954 introitu
1044 1903 1454 1968 gladiatorem,
1510 1902 1566 1951 in
1619 1901 1863 1952 victoria

195 1984 651 2049 quadrigarium.

267 2069 344 2116 De
405 2066 627 2116 Antonio
686 2067 784 2116 dici
845 2066 1160 2116 manifestum
1226 2075 1312 2115 est.
1422 2064 1557 2114 Dicit
1620 2081 1734 2114 eum
1805 2062 1862 2112 in
1887 2057 1891 2107 ἶ

195 2147 457 2198 exercitu
505 2150 705 2198 Sullae
753 2150 1114 2211 praedonem
1163 2156 1362 2212 propter
1403 2146 1628 2210 equitum
1678 2156 1861 2195 turmas
1894 2135 1898 2177 ἶ

194 2228 375 2292 quibus
417 2228 659 2278 Achaiam
707 2229 772 2278 ab
814 2246 875 2279 eo
916 2238 1139 2279 vexatam
1188 2245 1295 2278 esse
1343 2227 1725 2293 significavimus
1735 2246 1750 2290 ,·
1805 2227 1861 2276 in
1938 2275 1945 2298 ,c

194 2309 445 2360 introitu
477 2310 873 2375 gladiatorem
907 2310 1118 2375 pertinet
1142 2311 1207 2360 ad
1231 2309 1468 2360 invidiam
1493 2307 1862 2374 proscriptionis

193 2409 323 2456 quae
364 2401 469 2442 tum
509 2394 638 2442 facta
673 2401 779 2454 est3
827 2392 883 2441 in
920 2391 1172 2443 victoria
1214 2391 1670 2456 quadrigarium,
1709 2391 1859 2455 quod,
1881 2456 1893 2461 „
1945 2372 1968 2427 Ῐ

193 2491 309 2523 cum
346 2475 481 2524 Sulla
521 2483 634 2538 post
671 2473 926 2523 victoriam
969 2473 1212 2523 circenses
1255 2474 1436 2522 faceret
1477 2472 1544 2522 ita
1580 2481 1633 2521 ut
1668 2469 1865 2522 honesti
1940 2511 1941 2515 ,
1966 2475 1968 2514 l

194 2554 422 2604 homines
448 2554 709 2618 quadrigas
734 2554 986 2619 agitarent,
1014 2553 1106 2604 fuit
1130 2553 1256 2604 inter
1280 2570 1365 2603 eos
1391 2555 1447 2604 C.
1476 2552 1739 2603 Antonius.
1946 2540 1953 2552 ’

249 2697 274 2723 2
303 2683 462 2734 populo
484 2682 532 2731 S,
555 2683 769 2735 Poggius:
799 2684 952 2735 poculo
972 2682 1085 2722 P1M
1173 2683 1268 2735 eos]
1291 2695 1400 2733 quos
1420 2682 1608 2735 Poggius
1717 2695 1743 2733 3
1763 2694 1862 2722 con·
1876 2669 1893 2715 ’Ϊ
1939 2682 1969 2738 ..κξ

193 2739 347 2778 sularis
365 2737 428 2777 S.
457 2739 721 2778 consularIus
740 2738 832 2777 PM
980 2738 1022 2777 id
1043 2737 1140 2779 add.
1161 2737 1290 2776 Orelli
1465 2750 1487 2788 7
1518 2737 1678 2777 uertias
1697 2741 1740 2786 Σ,
1761 2749 1860 2776 corr.
1882 2750 1884 2754 ·
1957 2737 1969 2783 ζ·

197 2793 418 2832 Manutzus
526 2793 552 2830 8
581 2793 872 2842 gladiatorium
893 2793 958 2832 P:
987 2792 1274 2843 gladiatorum
1289 2790 1404 2831 SM:
1433 2791 1692 2842 gladiatores
1710 2791 1862 2831 Grono·
1957 2796 1962 2806 ⁴

195 2848 288 2887 vius
409 2859 562 2886 munus
581 2847 787 2899 supplevi:
817 2860 901 2888 om.
927 2851 957 2888 Σ
1079 2847 1213 2897 patris
1233 2849 1279 2895 Σ,
1298 2858 1400 2885 corr.
1425 2846 1647 2886 Manutius
1814 2856 1870 2884 10
1935 2881 1941 2898 ,-
1958 2846 1969 2894 ,⁴

195 2907 349 2950 augete
370 2901 438 2940 P:
467 2906 651 2951 augente
671 2900 761 2940 SM
889 2901 1087 2941 mercede
1106 2899 1171 2940 S:
1200 2876 1422 2940 me'rcedes
1442 2899 1543 2951 MP,
1566 2913 1668 2939 corr.
1690 2897 1872 2950 Madvig·
1936 2906 1960 2930 ’-

200 2967 245 2994 11
277 2955 331 3004 Q.
355 2955 529 2994 mutium
552 2955 788 3005 perreuerti
810 2958 855 3004 Σ,
876 2968 976 2995 corr.
999 2954 1179 3007 Madvig
1350 2967 1399 2993 12
1428 2959 1577 2994 senter
1595 2947 1672 2993 cos
1691 2955 1734 3002 Σ,
1755 2965 1860 2993 corr.
1883 2998 1885 3004 ¹
1935 2958 1961 3012 ζ’

198 3007 375 3060 Madvig
496 3011 546 3048 16
573 3015 715 3048 autem
737 3009 838 3049 dicit
857 3009 898 3049 P
1023 3021 1070 3060 17
1101 3008 1355 3048 Autronium
1379 3008 1413 3058 (-
1415 3008 1577 3048 tonium
1597 3007 1670 3060 M)
1694 3010 1739 3057 Σ,
1759 3016 1876 3046 corr
1883 3014 1885 3018 ’
1933 3021 1959 3044 κ-

195 3063 417 3102 Manutius
627 3076 680 3102 20
708 3069 754 3102 ut
773 3077 858 3102 om.
881 3062 918 3103 S
1146 3075 1199 3113 23
1227 3062 1310 3102 dici
1331 3062 1398 3102 P·
1389 3093 1397 3101 .
1428 3062 1528 3102 dicit
1547 3060 1639 3101 SM
1798 3063 1864 3101 est

195 3117 377 3156 Purser:
407 3123 473 3157 est
493 3118 570 3157 sed
592 3121 622 3158 Σ
641 3132 650 3157 :
680 3124 758 3157 est.
800 3118 853 3157 Et
872 3117 953 3156 KS
1064 3129 1116 3166 25
1145 3116 1350 3157 Achaiam
1373 3118 1436 3168 (-a
1455 3116 1527 3165 M)
1551 3114 1633 3154 nM
1645 3130 1654 3156 ε
1684 3114 1857 3155 camiam
1872 3150 1891 3171 ,,
1936 3151 1938 3154 .
1961 3160 1963 3174 1

194 3171 231 3211 S
248 3186 257 3211 :
287 3172 464 3212 eamiam
484 3172 537 3210 P¹
650 3171 933 3222 significamus
953 3175 998 3222 Σ,
1019 3184 1118 3211 corr.
1140 3171 1364 3212 Manutius
1473 3171 1527 3210 28
1555 3176 1631 3221 pot
1650 3169 1688 3211 S
