1988 3334
241 154 265 185 2
898 138 1241 190 ASCONIVS

347 223 384 231 N

236 273 341 323 ludi
366 276 576 337 fuerunt,
605 291 755 339 quam
782 275 1024 340 Pompeio
1049 285 1098 326 et
1124 277 1317 339 CraSSO‚
1348 291 1449 340 quo
1473 292 1606 326 anno
1633 276 1901 346 Pompeius

235 355 628 419 exquisitissimis
676 356 1275 421 magnificentissimisque
1323 357 1485 407 omnis
1532 357 1723 422 generis
1771 358 1901 408 ludis

234 438 481 486 theatrum
517 436 779 486 dedicavit.
1956 488 1959 489 γ

182 530 214 565 2
302 504 667 582 Argumentum
703 518 938 568 orationis
962 518 1283 570 huiusbreve
1305 520 1581 570 admodum
1607 528 1694 570 est.
1768 521 1900 569 Nam

233 616 349 649 curn
374 599 588 650 revocati
613 608 777 650 essent
802 617 861 649 ex
884 599 1148 664 provinciis
1174 600 1290 650 Piso
1315 609 1364 650 et
1389 600 1633 651 Gabinius
1657 600 1903 652 sententia
1954 588 1961 608 ²

235 680 491 732 Ciceronis
517 698 668 745 quarn
704 681 892 732 dixerat
915 683 980 733 de
1012 681 1277 746 provinciis
1313 682 1654 733 consularibus
1685 684 1907 733 Lentulo*
1969 685 1971 704 ³

234 771 283 811 et
338 761 570 827 Philippo
619 762 923 824 consulibus,
979 780 1200 813 reversus
1253 763 1305 812 in
1357 763 1607 814 civitatem
1661 764 1778 814 Piso
1835 765 1901 814 de
1968 750 1970 776 ³

232 842 559 892 insectatione
595 842 852 894 Ciceronis
888 843 940 892 in
972 853 1147 894 senatu
1183 853 1487 908 conquestus
1523 854 1598 895 est
1626 854 1676 895 et
1708 845 1759 894 in
1784 861 1907 895 eum:

233 923 470 985 invectus,
510 923 694 974 fiducia
729 924 943 975 maxime
981 925 1206 976 Caesaris
1247 925 1414 990 generi
1449 925 1535 990 qui
1570 935 1677 975 tum
1715 925 1911 977 Gallias
1951 916 1956 955 f

233 1005 505 1054 obtinebat.
581 1005 750 1057 Pisoni
787 1005 965 1057 Cicero
1002 1006 1258 1071 respondit
1294 1009 1389 1056 hac
1426 1007 1662 1058 oratione.
1950 997 1954 1009 ⁴

794 1186 1355 1247 ENARRATIO

585 1309 803 1360 CIRCA
839 1312 1034 1360 VERs.
1075 1313 1121 1359 A
1157 1311 1477 1361 PR1M0**
1501 1328 1525 1356 ,κ

231 1578 362 1641 ipso
397 1578 649 1642 patriam
686 1580 1041 1647 aspernaris,
1080 1581 1357 1633 oratione
1391 1599 1591 1646 genus,
1632 1574 1863 1632 moribu
1894 1639 1895 1642 Ἴ
1946 1586 1952 1600 ”’

232 1676 463 1709 nomen.

299 1741 345 1788 Τ
346 1740 521 1790 ametsi
569 1743 692 1791 haec
734 1742 891 1792 oratio
940 1742 1010 1792 sic
1057 1741 1367 1794 inscribitur:
1420 1746 1480 1793 In
1530 1746 1586 1794 L.
1632 1733 1896 1795 Pisonem⁸¹
1944 1769 1947 1811 5

232 1830 399 1871 tamen
433 1839 535 1871 non
572 1831 694 1886 puto
723 1839 810 1873 vos
843 1823 1067 1887 ignorare
1103 1826 1237 1874 hunc
1271 1824 1505 1875 Pisonem
1535 1842 1686 1894 exoea
1713 1825 1901 1875 famil‘

231 1983 452 2034 moribus
489 2001 688 2034 nomen.

728 2143 947 2194 CIRCA
983 2145 1178 2194 VERS.
1220 2146 1410 2194 LXXX

301 2253 431 2300 Hoc
462 2266 579 2300 non
604 2252 676 2300 ad
707 2254 1211 2302 contemnendam
1238 2253 1608 2303 Placentiam
1633 2253 1866 2319 pertine
1888 2248 1895 2286 ἶ
1955 2275 1958 2325 3

231 2333 387 2382 unde
423 2349 485 2382 se
524 2332 570 2381 is
607 2341 798 2382 ortum
836 2333 1081 2396 gloriari
1123 2336 1308 2384 solet:
1357 2351 1552 2399 neque
1588 2335 1746 2385 enim
1783 2337 1887 2385 ho
1939 2334 1958 2381 ’Ξ

231 2430 356 2463 mea
391 2422 601 2463 natura
636 2416 763 2474 fert,
803 2432 910 2464 nec
949 2415 1254 2481 municipi,
1299 2416 1652 2481 praesertim
1695 2419 1766 2467 de
1808 2435 1895 2467 mat
1954 2420 1957 2454 :

230 2494 453 2559 optime
478 2495 686 2556 meriti,
715 2495 976 2560 dignitas
1001 2497 1238 2562 patitur.
1880 2556 1883 2557 ⁷

299 2578 606 2641 Magnopere
643 2594 723 2627 me
748 2578 989 2628 haesitare
1015 2580 1256 2628 confiteor
1281 2578 1403 2642 quid
1428 2579 1491 2628 sit
1515 2595 1614 2643 qua
1638 2597 1688 2630 re
1715 2579 1881 2631 Cicer
1952 2624 1954 2632 ,

287 2712 305 2739 1
341 2700 530 2751 Pompeii
551 2707 594 2740 et
614 2701 757 2741 Crassi
779 2705 838 2742 2:
867 2701 1177 2756 corr.Pogg1us
1362 2716 1387 2742 2
1417 2716 1517 2754 —que
1536 2716 1616 2744 om.
1638 2703 1681 2742 P
1875 2735 1877 2737 .

227 2767 534 2794 Ancvmzurvm
574 2755 639 2795 Ρ.
680 2761 774 2795 tum
811 2769 930 2796 versu
968 2770 1047 2808 seq.
1083 2756 1391 2808 Argumentum
1422 2758 1544 2797 huius
1579 2759 1785 2799 orationis
1822 2763 1881 2799 etc

228 2821 253 2859 5
284 2808 494 2849 Gabinius
514 2808 632 2849 ΡΜ.
662 2810 848 2849 Gabinus
868 2811 905 2850 S
1067 2813 1093 2850 8
1123 2817 1377 2851 consecutus
1397 2812 1434 2850 S
1592 2824 1637 2850 11
1671 2813 1882 2853 Enarrati
1938 2816 1941 2817 ⁷

229 2863 323 2915 (lim
349 2863 452 2903 mzssn
461 2865 475 2910 >
490 2864 700 2914 przoribus
718 2866 961 2904 contmuant
978 2864 1073 2904 PM
1195 2879 1243 2904 12
1273 2879 1356 2906 om.
1378 2865 1466 2906 SM
1594 2879 1642 2916 13
1673 2868 1880 2918 specime·
1932 2861 1951 2891 :⁴

228 2917 298 2957 Ρ·
327 2917 515 2968 specie*
492 2930 556 2957 ern
577 2917 667 2957 SM
827 2919 991 2969 ingenii
1021 2920 1146 2960 semel
1173 2920 1267 2961 hab.
1302 2919 1341 2959 S
1560 2933 1609 2970 14
1640 2922 1801 2971 ingenii
1832 2920 1870 2961 S
1887 2933 1891 2939 '¹
1931 2957 1935 2971 ,

229 2969 446 3022 coloreM,
468 2970 527 3011 ed.
552 2971 681 3011 Ald.:
711 2971 905 3013 colorore
924 2972 991 3014 S.
1020 2973 1147 3015 color.
1170 2975 1312 3014 colore
1331 2973 1412 3014 1²¹:
1442 2975 1570 3015 color.
1595 2975 1684 3015 Ore
1703 2975 1890 3026 Poggtu
1932 2981 1935 2987 '
1986 2988 1988 2997 ¹

233 3039 281 3064 21
314 3038 398 3066 om.
424 3000 510 3064 SM
675 3037 725 3075 23
758 3027 877 3066 isP:
906 3027 973 3067 his
991 3027 1082 3067 SM
1886 3027 1889 3058 J
1930 3028 1931 3031 ’
