1988 3334
230 130 289 174 14
882 113 1114 164 ASCON
1119 113 1229 164 IVS

222 254 379 303 fuerat
403 252 556 318 ipisus
582 262 630 304 et
659 254 821 304 diruta
852 262 1002 318 atque
1035 254 1237 304 incensa
1270 262 1372 304 erat
1405 263 1453 304 et
1485 262 1772 304 consecrata
1806 269 1874 319 pu
1927 196 1951 325 {i

222 334 355 385 blico
380 344 580 400 sumptu
605 335 866 386 aedificata
893 336 987 386 sit:
1024 338 1161 401 quod
1195 353 1380 386 novum
1414 335 1611 386 et'huic
1646 335 1822 400 primo*
1851 350 1886 363 ·’
1926 326 1951 387 l.

221 418 387 466 adhuc
412 416 559 467 etiam
586 417 677 466 soli
703 416 925 481 contigit.

554 582 693 633 CIR.
729 584 888 631 VER.
928 584 974 631 A
1013 583 1244 634 NOVIS.
1284 583 1572 634 DCCCXX

290 677 337 744 (ξ
358 675 461 742 58.)
498 678 546 727 O
579 679 796 728 stultos
830 678 1132 739 Camillw,
1169 678 1396 739 CuriOS‚
1434 677 1757 738 FabriciOS,
1796 678 1878 729 Ca

222 759 457 819 latium,
505 759 832 823 ScipioneS‚
882 762 1218 823 MarceIIOS,
1271 759 1593 810 Maximos!
1636 776 1667 809 o
1708 775 1953 824 amen

222 850 339 890 tem
396 842 655 902 Paulum,
717 840 1004 891 rusticum
1062 841 1330 902 Marium,
1389 841 1614 892 nullius
1679 836 1938 895 consil

225 1258 290 1305 de
338 1254 639 1315 PicentibuS,
683 1257 756 1304 M.
802 1254 966 1306 Crassi
1007 1263 1146 1320 pater
1194 1257 1248 1305 P.
1291 1256 1498 1306 Crassus
1544 1264 1661 1305 ante
1708 1247 1894 1305 bellum
1933 1238 1955 1298 ’ἰ

227 1337 455 1388 Italicum
494 1339 559 1388 de
596 1337 837 1402 Hispanis
873 1337 1205 1404 triumphavit.

626 1491 763 1540 CIR.
803 1491 962 1539 VER.
1003 1491 1050 1538 A
1087 1490 1250 1540 NOV.
1294 1490 1485 1541 DCLX

228 1835 514 1882 honorem
551 1832 800 1894 collega,
837 1829 1012 1879 alteri
1045 1846 1198 1879 mors
1237 1828 1501 1894 peremit.
1954 1883 1958 1900 Ι

298 1915 465 1965 Credo
490 1929 578 1962 vos
612 1928 846 1976 quaerere
873 1920 921 1960 et
947 1911 1057 1975 quis
1092 1911 1171 1960 hic
1210 1912 1359 1962 Cotta
1385 1920 1433 1960 et
1458 1910 1568 1974 quis
1602 1910 1684 1961 ille
1709 1904 1903 1978 collegas
1939 1941 1943 1971 ς

231 1994 396 2047 Crassi
443 1993 600 2044 fuerit.
676 1993 790 2043 Fuit
835 2001 1002 2043 autem
1052 1993 1109 2044 C.
1161 1994 1311 2043 Cotta
1357 2001 1520 2043 orator
1566 1992 1649 2043 ille
1696 2008 1900 2057 compar
1940 2043 1941 2048 ,

232 2079 284 2126 Ρ.
314 2075 500 2140 Sulpici
526 2074 611 2139 qui
645 2083 719 2125 est
743 2074 794 2123 in
819 2073 1027 2139 dialogis
1061 2073 1317 2125 Ciceronis
1349 2075 1414 2124 de
1447 2074 1656 2124 Oratore
1689 2074 1894 2139 scriptis·

233 2160 363 2210 Cum
396 2159 624 2207 decretus
661 2156 730 2205 illi
767 2165 896 2206 esset
929 2155 1222 2220 triumphuS‚
1256 2165 1479 2206 mortuus
1513 2164 1586 2206 est
1619 2165 1734 2206 ante
1764 2155 1846 2206 die
1946 2213 1949 2215 Α

230 2239 481 2304 triumphi,
509 2255 625 2288 cum
650 2238 849 2288 cicatrix
872 2237 1087 2288 vulneris
1117 2237 1221 2288 eius
1247 2239 1384 2302 quod
1409 2247 1523 2288 ante
1554 2240 1716 2303 plures
1741 2254 1875 2288 anno
1944 2247 1946 2250 ’

230 2321 281 2370 in
306 2320 496 2386 proelio
514 2328 772 2384 acceperat
791 2318 996 2369 rescissa
1020 2319 1150 2369 esset
1168 2328 1385 2384 repente.
1448 2321 1502 2369 L.
1525 2328 1691 2369 autem
1719 2321 1894 2370 Crass

232 2404 421 2466 collega
453 2402 544 2451 fuit
578 2402 640 2464 Q.
675 2403 913 2452 Scaevola
948 2400 1170 2466 pontifex
1203 2401 1302 2465 qui,
1335 2417 1450 2452 cum
1483 2401 1896 2454 animadverteret

289 2547 314 2574 2
342 2539 415 2574 aut
435 2533 572 2572 adhuc
595 2535 639 2581 Σ,
653 2545 753 2571 corr.
771 2532 993 2573 Manutius
1159 2545 1184 2582 4
1214 2543 1326 2572 cmc.
1351 2543 1476 2572 vERs.
1498 2532 1541 2570 Ρ
1691 2544 1718 2583 5
1749 2532 1901 2573 Furios

234 2592 282 2639 Σ,
301 2601 400 2629 corr.
423 2587 483 2628 ed.
504 2586 608 2627 Ald.
628 2600 677 2627 ex
697 2586 774 2626 Cic.
889 2588 917 2626 6
939 2585 1188 2626 Marcellum
1210 2590 1255 2636 Σ,
1275 2599 1374 2626 corr.
1397 2601 1424 2625 π
1443 2599 1493 2626 ex
1513 2585 1587 2626 Cic.
1700 2586 1739 2626 O
1756 2600 1900 2627 amen-
1955 2581 1957 2590 ’

233 2650 319 2684 tem
339 2657 397 2683 n:
426 2654 473 2681 so
505 2647 804 2682 ornamentum
833 2639 953 2681 SP¹:
993 2645 1292 2681 ornamentum
1325 2640 1528 2693 Poggius,
1566 2641 1643 2681 M:
1684 2647 1856 2681 amente
1896 2646 1907 2679 ἰ
1956 2655 1957 2669 ¹

238 2697 316 2737 Cic.
430 2709 452 2746 7
483 2696 666 2736 ruscium
690 2699 735 2748 Σ,
756 2708 855 2736 corr.
874 2695 924 2747 ς’,
949 2695 1157 2736 Beraldus
1175 2708 1224 2736 ex
1243 2694 1319 2736 Cic.
1432 2697 1458 2734 8
1486 2707 1660 2735 auorum
1681 2698 1724 2746 Σ,
1753 2709 1854 2738 corr.
1886 2711 1909 2728 ³
1939 2711 1943 2715 “

234 2765 286 2792 ex
304 2750 383 2792 Cic.
597 2750 898 2802 triumpharint
921 2749 999 2790 Cic.
1021 2749 1104 2791 cod.
1133 2750 1175 2790 V
1381 2751 1431 2789 16
1459 2749 1508 2791 C.
1530 2749 1627 2791 add.
1651 2749 1709 2790 ed.
1730 2750 1831 2791 Αἶά.
1851 2763 1872 2790 e
1902 2765 1907 2771 ¹⁴

239 2805 319 2846 Cic.
433 2805 627 2856 flagravit
645 2820 675 2844 π
693 2818 743 2844 ex
763 2804 838 2845 Cic.
855 2819 863 2846 :
896 2834 1183 2845 .........
1218 2805 1262 2856 (5
1282 2803 1358 2845 litt.
1380 2803 1436 2857 S)
1458 2807 1490 2845 Σ
1639 2805 1689 2844 18
1717 2804 1900 2856 peremit
1955 2822 1957 2825 ’

236 2859 286 2911 S,
323 2858 402 2901 Cic.
434 2858 518 2900 cod.
551 2858 612 2899 V:
640 2859 799 2900 ademit
827 2859 920 2911 (ed-
939 2857 1012 2912 M)
1043 2857 1147 2908 PM,
1179 2859 1258 2900 Cic.
1288 2857 1398 2898 codd.
1427 2858 1637 2911 plerique:
1665 2858 1900 2910 praeripuit

239 2913 315 2956 Cic,
331 2913 421 2966 pal.
443 2912 484 2955 T
617 2925 672 2953 20
700 2913 748 2954 C.
771 2913 836 2952 P:
864 2926 890 2953 o
911 2912 949 2952 S
967 2927 977 2953 ε
1006 2925 1091 2955 om.
1113 2912 1167 2952 M
1308 2925 1359 2952 22
1387 2912 1460 2953 ille
1480 2911 1571 2952 SM
1660 2913 1909 2964 triumphos
1955 2924 1958 2934 ’

237 2974 428 3008 mortuos
446 2966 514 3017 ΡΙ,
532 2980 630 3008 corr.
648 2968 834 3021 Poggius
942 2980 1075 3017 22-24
1105 2968 1344 3019 triumphus
1366 2997 1375 3007 .
1400 2997 1409 3007 .
1435 2996 1443 3008 .
1469 2973 1585 3008 esset
1604 2980 1685 3009 om.
1701 2967 1738 3008 S
1847 2979 1900 3019 24

241 3023 287 3063 L.
310 3021 372 3062 S:
401 3036 483 3063 om.
508 3021 601 3062 PM
761 3033 812 3072 25
842 3021 893 3071 Q.
911 3034 996 3062 om.
1022 3022 1075 3060 M
