1988 3334
328 142 404 191 IN
444 141 880 192 ORATIONEM
922 142 997 190 IN
1037 141 1232 192 TOGA
1270 143 1600 192 CANDIDA
1740 147 1802 207 83

128 297 432 347 quamquam
481 280 706 332 omnium
763 280 974 358 maxime
1029 281 1225 330 infamis
1286 298 1456 331 eorum
1512 282 1611 332 vita
1659 291 1800 342 esset,
1826 294 1892 345 74

52 422 54 436 ¹
127 372 294 414 tamen
311 365 523 414 multum
543 360 809 428 poterant?
836 361 1073 414 Coierant
1093 362 1227 412 enim
1246 363 1398 412 ambo
1425 373 1478 413 ut
1505 363 1802 415 Ciceronem

44 444 68 505 .ῗί
127 446 388 496 consulatu
422 445 689 506 deicerent,
724 443 1037 495 adiutoribus
1070 444 1146 494 usi
1183 444 1476 495 firmissimis
1511 447 1584 495 M.
1621 447 1803 498 Crasso

126 536 176 577 et
212 528 269 579 C.
307 527 532 578 Caesare.
609 529 786 591 Itaque
819 528 943 576 haec
973 526 1131 576 oratio
1161 535 1335 577 contra
1367 529 1500 578 solos
1534 527 1802 578 Catilinam

126 617 175 660 et
212 608 491 659 Antonium
533 618 620 659 est.
695 610 861 661 Causa
897 608 1133 659 orationis
1181 608 1328 659 huius
1365 608 1504 660 modi
1540 608 1590 658 in
1628 618 1803 660 senatu

44 683 67 749 εἰ]
126 690 390 742 habendae
421 690 653 743 Ciceroni
686 691 778 741 fuit
814 693 967 756 quod,
997 709 1112 741 cum
1138 691 1190 742 in
1220 691 1327 742 dies
1352 691 1554 742 licentia
1581 691 1803 742 ambitus

44 785 67 836 *¹³
124 782 384 838 augeretur
401 782 602 838 propter
624 772 944 838 praecipuam
970 773 1214 825 Catilinae
1239 783 1289 824 et
1308 773 1500 824 Antoni
1523 772 1800 836 audaciam,

44 1626 56 1886 ‘¹

44 855 93 923 ¹5²
121 863 384 906 *censuerat
423 864 623 905 senatus
661 865 716 905 ut
751 857 831 906 lex
865 855 1082 906 ambitus
1119 865 1265 907 aucta
1300 856 1450 906 etiam
1487 873 1603 906 cum
1639 872 1804 920 poena

44 922 46 955 ³
67 937 91 997 '¹
125 939 328 988 ferretur
346 955 360 998 3
395 935 542 1001 eique
566 936 636 986 rei
662 938 724 1000 Q.
755 937 957 987 Mucius
983 937 1246 989 Orestinus
1271 947 1327 988 tr.
1349 940 1414 1002 pl.
1442 937 1799 988 intercesserat.

125 1021 259 1069 Tum
285 1018 464 1070 Cicero
496 1018 705 1083 graviter
729 1029 906 1069 senatu
936 1019 1345 1070 intercessionem
1379 1022 1567 1070 ferente
1597 1019 1804 1070 surrexit

52 1078 95 1132 ³¹
123 1111 274 1166 atque
315 1101 367 1150 in
410 1100 681 1151 coitionem
720 1101 965 1152 Catilinae
1001 1110 1050 1152 et
1086 1101 1278 1152 Antoni
1313 1101 1539 1152 invectus
1576 1111 1651 1151 est
1686 1111 1803 1151 ante

98 1199 102 1204 ·
124 1184 231 1235 dies
256 1183 572 1234 comitiorum
597 1200 798 1248 paucos,

44 1127 71 1228 ¹¹¹

44 1242 75 1597 ¹¹¹
126 1549 349 1600 nobilis
383 1558 440 1599 et
471 1551 646 1599 valde
682 1548 742 1597 in
778 1550 890 1598 hoc
921 1547 1265 1613 largitionis
1299 1557 1550 1613 quaestu
1587 1548 1715 1599 noti
1748 1558 1804 1599 et

44 1621 55 1755 ¹¹
97 1631 356 1697 cogniti
404 1633 642 1681 domum
687 1630 1014 1682 Catilinam
1065 1640 1119 1679 et
1168 1630 1499 1680 Antonium
1549 1648 1677 1681 cum
1728 1648 1805 1681 se-

732 1365 1051 1413 ENARRA
1064 1366 1146 1414 TI
1144 1365 1189 1415 Ο

195 1467 364 1530 Dico.
402 1470 456 1517 P.
496 1469 570 1528 C.,
611 1467 926 1532 superiore
968 1476 1147 1517 nocte
1190 1467 1503 1518 cuiusdam
1544 1467 1803 1518 hominis

129 1713 475 1778 questribus
519 1712 640 1762 suis
680 1712 1052 1762 convenisse.

192 1798 294 1844 Aut
339 1796 394 1846 C.
438 1794 663 1845 Caesaris
705 1803 790 1843 aut
834 1796 905 1842 M.
949 1793 1115 1844 Crassi
1157 1795 1366 1843 domum
1410 1794 1666 1858 significat.
1743 1796 1803 1845 Ei

44 1893 55 1922 υ
97 1876 258 1926 enim
306 1876 531 1926 acerrimi
569 1893 628 1925 ac
677 1875 1008 1939 potentissimi
1049 1877 1247 1925 fuerunt
1297 1876 1555 1926 Ciceronis
1600 1879 1805 1942 refraga-
1865 1886 1872 1889 “

44 1965 255 2012 tores
297 1975 412 2009 cum
462 1958 602 2022 petiit
650 1960 978 2018 consulatum,
1024 1959 1162 2022 quod
1211 1957 1315 2008 eius
1359 1958 1410 2006 in
1453 1958 1559 2008 dies
1607 1959 1803 2010 civilem

52 2038 53 2041 ’
104 2057 344 2102 crescere
368 2040 662 2105 dignitatem
686 2040 1150 2090 animadvertebant
1171 2060 1179 2088 z
1218 2050 1266 2090 et
1292 2042 1388 2091 hoc
1414 2040 1520 2104 ipse
1547 2041 1726 2092 Cicero
1751 2042 1802 2091 in

44 2127 55 2191 {J
114 2114 434 2188 'expositione
477 2122 798 2172 consiliorum
854 2139 1056 2172 suorum
1106 2122 1349 2186 significat
1368 2141 1381 2183 ,·
1439 2122 1545 2172 eius
1599 2140 1802 2188 quoque

111 2204 481 2255 coniurationis
524 2221 653 2268 quae
697 2205 847 2256 Cotta
896 2214 944 2253 et
984 2206 1243 2267 Torquato
1288 2221 1412 2254 coss.
1451 2214 1568 2254 ante
1610 2222 1800 2255 annum

44 2267 79 2368 ¹¹
127 2303 277 2352 quam
310 2288 435 2337 haec
468 2286 751 2337 dicerentur
784 2288 912 2336 facta
938 2296 1012 2335 est
1040 2303 1069 2334 a
1107 2285 1323 2337 Catilina
1353 2296 1401 2337 et
1430 2287 1610 2338 Pisone
1643 2289 1802 2352 arguit

130 2371 199 2419 M.
229 2370 464 2421 Crassum
489 2377 743 2419 auctorem
771 2368 936 2418 fuisse.

111 2448 115 2454 ’
195 2453 381 2514 Quem
419 2449 574 2501 enim
610 2460 710 2501 aut
746 2451 998 2501 amicum
1037 2451 1256 2500 habere
1281 2460 1484 2515 potest
1514 2452 1561 2502 is
1588 2453 1688 2517 qui
1713 2462 1801 2503 tot

45 2562 57 2631 ¹
108 2612 111 2614 -
183 2595 200 2622 1
234 2584 419 2623 omniurn
442 2581 523 2622 KS
543 2596 553 2622 z
582 2587 651 2622 δῇ
674 2581 785 2622 SM:
816 2583 1012 2622 omnibus
1032 2581 1075 2619 P
1197 2596 1342 2622 eorum
1362 2596 1446 2624 om.
1471 2582 1509 2623 S
1673 2597 1698 2623 2
1728 2586 1799 2635 plu

46 2634 56 2667 ’ἶ
112 2622 304 2678 'multum
325 2637 394 2678 P:
423 2637 597 2677 multum
617 2636 696 2676 M:
745 2667 964 2678 .......
985 2643 1073 2676 tum
1095 2635 1132 2675 S
1281 2638 1407 2677 ambo
1427 2644 1472 2678 ut
1491 2637 1611 2678 PM:
1641 2669 1651 2679 .
1677 2669 1686 2679 .
1783 2630 1795 2678 ’.

46 2679 57 2698 ”
77 2715 81 2729 ι
127 2720 275 2733 .....
296 2691 333 2732 S
468 2703 494 2742 5
523 2693 568 2731 in
589 2692 651 2731 P:
683 2705 766 2731 om.
790 2691 880 2731 SM
1013 2694 1040 2730 6
1067 2691 1251 2731 habente
1272 2691 1308 2731 S
1438 2706 1459 2743 7
1491 2699 1670 2744 propter
1689 2694 1797 2746 Pog-

46 2764 48 2771 ·
79 2746 82 2751 '
108 2747 233 2798 gius,
254 2745 328 2785 M:
361 2752 532 2797 praeter
551 2745 642 2786 51²¹
848 2752 890 2786 et
911 2759 994 2786 om.
1015 2743 1077 2785 5¹
1271 2759 1299 2797 9
1327 2747 1451 2797 eique
1471 2747 1727 2788 Manutius:
1757 2755 1798 2788 et

46 2818 48 2823 ·
79 2824 82 2831 ι
118 2800 257 2855 (eiP)
272 2804 486 2851 quoque}
591 2814 636 2840 11
670 2801 916 2841 contionem
938 2804 982 2851 Σ,
1007 2812 1106 2842 corr.
1131 2800 1355 2841 Manutius
1468 2814 1516 2852 13
1545 2801 1643 2842 add.
1666 2802 1798 2843 Hoto-

46 2827 83 2923 ¹¹⁵
116 2866 229 2895 :man
344 2866 393 2906 15
422 2856 532 2909 noti]
555 2856 668 2896 docti
690 2855 828 2895 Halm
944 2857 992 2894 18
1021 2856 1061 2895 ei
1081 2855 1305 2896 Bacheler:
1336 2861 1380 2895 et
1398 2859 1429 2897 Σ
1544 2869 1595 2908 19
1624 2870 1672 2897 ac
1693 2856 1799 2898 SP:

484 2922 540 2950 πο
567 2911 674 2961 petit
706 2913 751 2961 Σ,
784 2923 884 2950 corr.
922 2925 950 2949 π
1186 2922 1235 2950 21
1266 2911 1320 2961 ad
1340 2910 1739 2952 animadvertebant
1762 2911 1804 2950 P

47 2967 63 3015 ¹'
79 2932 100 3002 ¹.
125 2974 181 3002 22
209 2976 383 3005 suorum
403 2965 677 3005 consiliorum
697 2963 740 3004 P
893 2965 986 3004 eius
1006 2965 1069 3005 Po
1138 2965 1206 3016 'us,
1230 2952 1282 3003 M
1297 2979 1306 3004 :
1336 2977 1467 3004 sexus
1487 2961 1579 3005 51²1
1746 2979 1800 3016 23

82 3026 85 3037 '¹
127 3024 247 3059 cocta
265 3022 310 3071 Σ,
333 3032 435 3059 corr.
458 3018 520 3061 ed.
547 3017 588 3057 V
744 3032 796 3070 24
825 3020 1021 3071 pisonem
1257 3020 1312 3058 26
1339 3019 1499 3060 habere
1519 3025 1662 3072 potest
1682 3019 1776 3060 PM
1790 3035 1799 3060 :

107 3077 268 3138 *potest
287 3073 446 3115 habere
466 3072 504 3114 S
1638 3074 1689 3115 6*
