1988 3334
877 66 1282 116 PRAEFATIO

246 201 482 254 Asconius
527 206 875 266 animadvertit
917 205 1047 267 quod
1087 221 1192 252 eum
1237 205 1481 267 scripserit
1522 210 1654 252 sexto
1698 203 1935 252 vicesimo
1965 232 1969 254 1

246 287 419 335 aetatis
441 303 572 335 anno
582 295 682 350 pro
708 287 818 336 Sex.
846 286 1016 334 Roscio
1038 286 1228 333 dixisse.
1302 286 1463 333 Aulus
1489 283 1678 334 Gellius
1703 301 1777 332 xv.
1810 286 1886 332 28.

317 385 359 431 3.
399 369 463 417 de
488 367 614 417 libro
639 384 788 431 quem
815 360 1006 430 scripsit
1031 375 1202 416 contra
1225 365 1428 429 Vergilii
1452 366 1819 415 obtrectatores

316 449 402 514 (a).
422 450 658 498 Asconius
681 449 930 497 Pedianus
956 447 1079 496 libro
1105 464 1242 510 quem
1268 454 1433 496 contra
1473 447 1673 510 Wrgiliz
1694 448 1914 496 obtrecta-
1967 431 1972 503 Ι

247 536 368 579 tores
397 531 590 593 scripstt
608 537 771 593 pauca
801 531 1057 577 admodum
1088 529 1259 577 obiecta
1295 546 1335 578 et
1331 529 1590 592 ‘'propontt
1612 544 1757 591 eaque
1789 529 1912 576 circa
1969 536 1973 610 ι

246 612 499 660 historiam
507 611 618 674 fere
640 618 687 659 et
705 612 835 673 quod
842 612 1078 672 pleraque
1102 612 1162 658 ab
1185 611 1399 659 flomero
1420 611 1704 673 sumpsisset,
1731 610 1815 658 sed
1831 609 1916 657 hoc
1971 634 1973 652 ε

245 693 402 755 ipsum
448 694 622 741 crimen
670 694 737 740 sic
780 691 1022 755 defendere
1073 698 1315 739 assuetum
1361 692 1447 752 ait,
1512 693 1652 741 ‘Cur
1697 706 1790 739 non
1837 690 1920 739 illi

244 790 425 836 quoque
451 776 610 822 eadem
630 774 782 836 furta
820 776 1141 835 temptarent?
1175 789 1341 822 verum
1377 773 1691 822 intellecturos
1708 772 1914 834 facilius
1973 831 1975 840 Ι

245 871 337 903 esse
359 856 570 903 Herculi
587 857 772 904 clavam
795 871 941 917 quam
960 854 1173 903 Homero
1196 870 1385 903 versum
1402 855 1672 917 subripere!
1725 852 1913 902 Donati
1973 845 1975 849 ¹

244 935 343 985 vita
366 935 583 999 Vergilii,
611 953 656 1000 p.
687 938 764 996 66,
792 937 870 985 ed.
899 934 1258 985 Reifferscheid
1282 933 1366 999 (cf.
1396 935 1618 985 Maerob.
1647 952 1690 983 v.
1720 951 1763 997 3.
1797 934 1891 998 16).

313 1014 389 1081 (b)
442 1018 698 1080 Vulgatum
744 1024 813 1065 est
850 1033 1082 1065 consuesse
1127 1033 1233 1065 eum
1278 1023 1326 1064 et
1367 1033 1471 1065 cum
1507 1016 1673 1066 Plotia
1713 1015 1908 1065 ffi‘eria.
1942 1016 1977 1069 ,¹

244 1101 343 1149 Sed
368 1100 604 1148 Asconius
639 1100 888 1148 Pedianus
917 1100 1137 1162 affirmat
1168 1099 1322 1163 zJosam
1340 1105 1508 1162 postea
1534 1099 1761 1147 maiorem
1790 1105 1910 1147 natu
1946 1131 1948 1134 -
1975 1097 1978 1115 ²

245 1198 455 1230 narrare
487 1184 679 1230 solitam
711 1182 972 1230 invitatum
995 1182 1183 1243 quidem
1212 1198 1243 1228 a
1281 1181 1428 1229 Vario
1451 1181 1520 1229 ad
1542 1180 1910 1229 communionem
1936 1203 1937 1206 ¹

240 1265 324 1312 sui
342 1280 508 1313 verum
520 1264 900 1327 pertinacissime
925 1279 1169 1312 recusasse.
1242 1261 1307 1312 id.
1336 1279 1382 1327 p.
1413 1276 1488 1326 57.

311 1344 380 1412 (c)
417 1348 521 1395 lVec
541 1347 821 1394 mirandum
838 1347 968 1408 quod
987 1345 1122 1408 infra
1146 1362 1192 1394 se
1215 1361 1367 1394 senem
1391 1345 1508 1394 dicit
1526 1360 1630 1393 cum
1653 1350 1830 1392 certum
1847 1344 1916 1392 sit

241 1445 360 1488 eum,
380 1435 437 1476 ut
447 1428 683 1476 Asconius
697 1428 946 1476 Pedianus
968 1428 1094 1487 dicit,
1117 1441 1289 1475 xxvm
1316 1442 1470 1475 annos
1493 1432 1664 1475 natum
1682 1426 1910 1474 Bucolica
1978 1441 1982 1456 ¹

241 1511 448 1559 edidisse.
523 1509 715 1560 Probus
739 1526 786 1573 p.
819 1523 843 1572 7
873 1507 1045 1575 (Keil).

309 1608 354 1652 4.
394 1593 458 1641 de
482 1590 582 1640 vita
606 1590 822 1641 Sallustii
845 1590 910 1639 ab
936 1589 1157 1640 Asconio
1181 1592 1386 1640 narrata.
1947 1651 1949 1653 ι

309 1674 575 1722 Sallustius
605 1672 730 1720 enim
769 1673 971 1734 Crispus
1002 1672 1054 1720 in
1083 1671 1297 1719 Faustae
1312 1672 1456 1733 filiae
1480 1671 1649 1720 Sullae
1671 1671 1910 1719 adulterio

239 1754 552 1817 deprehensus
575 1754 636 1801 ab
653 1753 822 1801 Annio
835 1753 1250 1815 Affiloneflagellts
1271 1769 1429 1801 caesus
1452 1768 1544 1800 esse
1561 1752 1750 1812 dicetur,
1770 1768 1907 1815 quem
1946 1771 1948 1776 ’

239 1836 477 1883 Asconius
507 1834 756 1883 Pedianus
785 1834 836 1882 in
861 1835 964 1883 vita
989 1834 1089 1882 eius
1117 1830 1366 1896 significat.
1441 1834 1620 1883 Pseud.
1649 1835 1816 1883 Acron
1841 1834 1906 1883 ad

242 1918 367 1965 Hor.
396 1918 493 1966 Sat.
528 1933 566 1964 1.
597 1933 638 1965 2.
666 1932 745 1976 41.

310 2011 352 2060 5.
398 1998 462 2046 de
517 1998 869 2060 longaevorum
922 1997 1070 2045 laude
1121 1996 1185 2044 ab
1242 1995 1465 2045 Asconio
1523 1996 1771 2046 celebrata
1827 1995 1908 2060 (cf.

246 2096 283 2128 1.
311 2078 370 2144 c).

309 2161 613 2210 Sammulam
644 2175 824 2222 quoque
856 2165 1039 2207 centum
1067 2161 1215 2207 decem
1251 2161 1397 2209 annis
1428 2160 1604 2210 vilm'sse
1640 2171 1808 2209 auctor
1839 2166 1910 2208 est

238 2242 490 2291 Pedianus
513 2242 760 2290 Asconius.
834 2240 959 2290 Plin.
985 2242 1110 2290 Nat.
1137 2242 1272 2290 ffi‘st.
1300 2240 1380 2290 vii.
1408 2255 1514 2305 159.

308 2325 421 2372 Hos
458 2321 841 2372 commentarios
878 2338 930 2371 se
966 2321 1018 2370 in
1054 2321 1267 2372 filiorum
1304 2339 1449 2371 usum
1486 2322 1572 2386 qui
1608 2322 1903 2372 senatoriam

238 2419 348 2452 xxv
386 2420 631 2452 annorum
673 2412 885 2452 aetatem
924 2404 1152 2452 nondum
1185 2402 1445 2467 attigerant
1487 2402 1759 2453 confecisse
1798 2403 1904 2467 ipse
1950 2439 1951 2442 =

238 2494 444 2535 testatur
496 2484 773 2534 Asconius:
835 2486 1095 2533 Romaene
1147 2501 1210 2533 an
1267 2484 1453 2533 Patavii
1501 2484 1748 2548 scripserit
1801 2501 1903 2534 non
1948 2478 1952 2479 ⁷

236 2566 405 2630 liquet.
478 2568 525 2614 A
568 2567 734 2614 Roma
772 2565 1030 2615 recessisse
1072 2582 1187 2614 eum
1227 2565 1429 2630 quidam
1472 2574 1648 2630 putant
1685 2582 1800 2615 cum
1839 2568 1904 2617 de

238 2648 418 2697 domus
467 2645 762 2696 Scaurianae
804 2646 914 2707 situ,
955 2648 1020 2696 de
1070 2645 1221 2696 Basili
1259 2656 1600 2708 monumento,
1646 2655 1901 2712 tamquam

237 2729 301 2778 de
343 2728 489 2777 rebus
532 2743 702 2791 parum
743 2728 891 2789 notiS,
924 2726 1130 2778 disserat
1170 2725 1269 2792 (pp.
1313 2742 1402 2790 27.·
1432 2746 1471 2787 1,
1513 2743 1588 2792 50.
1633 2727 1696 2795 7).
1771 2730 1901 2780 Cum

238 2825 346 2859 sese
386 2807 574 2872 aliquid
613 2825 714 2858 non
758 2825 1031 2872 numquam
1077 2810 1331 2858 ‘nondum
1374 2808 1646 2859 invenisse’
1695 2811 1902 2860 fateatur

237 2889 339 2955 (pp.
373 2904 413 2952 7.
447 2893 521 2950 26,
549 2907 620 2939 10.
656 2907 726 2952 19,
757 2892 833 2949 48.
865 2904 890 2952 5
919 2899 967 2938 et
996 2907 1019 2937 2
1028 2906 1070 2953 3,
1095 2907 1171 2952 92.
1203 2890 1253 2954 3)
1280 2906 1392 2939 eum
1419 2890 1483 2939 ab
1508 2889 1583 2939 his
1609 2891 1904 2961 quaestioni-

1032 2985 1113 3018 vm
