1988 3334
737 88 1143 137 PRAEFATIO

105 233 398 283 orationibus
428 231 486 293 Q.
515 229 716 279 Asconii
734 228 957 285 pediam,
985 227 1359 289 eloquentissimi
1386 226 1497 285 viri,
1526 226 1581 272 de
1609 224 1780 286 quibus

104 315 200 380 ipse
236 313 454 362 meminit
491 311 845 374 Quintilianus.
916 310 1055 358 Haec
1089 324 1190 356 mea
1228 323 1378 356 manu
1416 306 1707 369 transcripsi
1737 312 1783 353 et

103 396 287 460 quidem
316 395 535 444 velociter
563 399 621 440 ut
652 408 706 439 ea
743 392 977 440 mitterem
1013 390 1083 438 ad
1114 390 1424 438 Leonardum
1449 389 1496 436 A
1503 387 1711 435 retinum
1737 392 1784 433 et

102 477 358 529 Nicolaum
394 476 728 524 Florentinum
745 489 769 532 ‚·
808 473 906 536 qui,
941 489 1045 521 cum
1082 489 1112 520 a
1156 487 1226 519 me
1262 471 1409 519 huius
1444 469 1668 518 thesauri
1698 469 1779 516 ad-

103 559 415 612 inventionem
456 558 786 620 cognovissent,
829 556 996 605 multis
1033 573 1064 604 a
1108 571 1178 604 me
1213 554 1368 605 verbis
1408 552 1779 616 Quintilianum

93 650 187 709 per
222 638 338 696 suas
371 641 560 689 litteras
599 655 746 702 quam
779 639 1002 701 primum
1038 639 1108 686 ad
1139 654 1212 685 eos
1253 637 1386 686 mitti
1422 635 1780 684 contenderunt.

102 725 278 783 Habes,
323 723 395 771 mi
429 722 711 771 suavissime
753 722 990 781 Guarine,
1032 721 1165 783 quod
1200 720 1261 767 ab
1298 719 1487 767 homine
1528 717 1620 765 tibi
1654 716 1780 763 dedi-

103 804 281 855 tissimo
306 804 378 852 ad
394 811 629 866 praesens
659 803 814 851 tribui
833 807 1005 865 potest.
1091 802 1261 849 Vellem
1287 806 1334 848 et
1360 799 1571 862 potuisse
1598 797 1777 845 librum

103 885 425 937 transmittere
473 886 558 933 sed
610 885 867 932 Leonara'o
926 890 1089 931 nostro
1146 883 1268 931 satis
1310 881 1607 943 faciundum
1650 877 1774 940 fuit.

114 969 285 1019 Verum
325 968 413 1016 scis
451 983 545 1029 quo
584 968 652 1015 sit
694 967 747 1015 in
790 968 895 1026 loco,
942 972 1000 1013 ut
1034 966 1082 1014 si
1113 981 1219 1013 eum
1262 966 1385 1012 voles
1425 963 1779 1023 habere—puto

101 1056 259 1100 autem
307 1057 350 1097 te
405 1065 553 1111 quam
600 1049 824 1110 primum
871 1046 1194 1109 velle—facile
1241 1047 1296 1094 id
1337 1044 1556 1114 consequi
1597 1043 1775 1091 valeas.

106 1130 429 1190 constantiae,
469 1144 602 1177 xvm
639 1130 763 1177 Kal.
799 1129 912 1176 Ian.
949 1144 1082 1175 anno
1123 1127 1315 1177 Christi
1352 1140 1493 1187 1417.

171 1213 306 1261 Inter
347 1213 439 1260 hos
481 1219 631 1260 testes
673 1209 793 1259 levis
827 1207 1160 1273 discrepantia
1195 1217 1283 1269 est,
1323 1208 1462 1271 quod
1499 1204 1777 1257 Asconium

102 1302 151 1346 et
189 1292 442 1343 Valerium
486 1295 721 1342 Flaccum
764 1291 816 1340 in
857 1291 965 1356 ipsa
1006 1290 1312 1340 bibliotheca
1352 1297 1627 1338 asservatos
1670 1304 1779 1337 esse

102 1384 305 1427 testatur
342 1374 561 1434 Cincius,
602 1390 718 1423 mox
754 1374 819 1424 de
855 1373 974 1422 turri
1010 1372 1246 1436 contigua
1283 1370 1503 1435 loquitur
1541 1369 1628 1419 ubi
1667 1368 1778 1418 libri

101 1456 393 1508 infeliciores
418 1455 564 1505 tineis
589 1455 928 1517 tradebantur,
953 1472 1013 1504 ex
1037 1453 1199 1504 caecis
1224 1452 1442 1503 tenebris
1475 1460 1524 1501 et
1550 1452 1778 1515 squalore

102 1555 302 1589 omnem
323 1555 375 1588 se
391 1539 678 1587 thesaurum
695 1535 934 1600 eripuisse
953 1536 1102 1586 tradit
1122 1534 1350 1600 Poggius.
1404 1535 1554 1583 Illum
1570 1531 1777 1596 quidem

101 1620 259 1671 verius
283 1619 465 1670 dixisse
501 1627 637 1683 patet
674 1635 702 1667 e
738 1617 1104 1682 subscriptione
1129 1618 1346 1681 quadam
1374 1632 1502 1680 quae
1538 1614 1589 1663 in
1626 1615 1774 1663 codd.

101 1703 212 1752 Vat.
260 1700 432 1750 Vrbin.
486 1715 580 1764 327
633 1708 681 1749 et
728 1699 959 1748 AmbrOS.
1013 1702 1053 1748 B
1110 1713 1201 1763 153
1252 1714 1358 1761 sup.
1409 1695 1776 1759 Quintilianum

46 1814 48 1818 ·
102 1783 473 1834 continentibus
510 1781 793 1832 invenitur.¹

169 1866 375 1928 Scripsit
422 1865 634 1927 Poggius
684 1865 998 1913 Florentinus
1051 1866 1178 1912 hunc
1229 1864 1409 1912 librum
1463 1862 1778 1912 Constantiae

101 1947 261 1997 diebus
286 1961 398 1995 L1111
429 1949 532 1996 sede
555 1948 830 2010 Apostolica
860 1953 1070 1996 vacante.
1144 1947 1431 2009 Reperimus
1459 1960 1570 1994 vero
1593 1960 1699 1992 eum
1725 1945 1776 1992 in

102 2029 394 2081 Bibliotheca
454 2029 738 2077 monasterii
794 2029 844 2078 S.
906 2029 1060 2087 Galli,
1122 2044 1214 2090 quo
1267 2029 1440 2091 plures
1499 2028 1776 2075 litterarum

101 2112 304 2160 studiosi
323 2110 763 2174 perquirendorum
806 2111 1041 2159 librorum
1080 2126 1224 2158 causa
1267 2110 1552 2169 accessimus,
1592 2124 1652 2156 ex
1685 2124 1777 2170 quo

95 2191 364 2256 plurimum
399 2192 631 2241 utilitatz's
659 2193 949 2254 eloquentiae
978 2194 1152 2242 studiis
1183 2198 1513 2255 comparatum
1538 2198 1777 2255 putamus

103 2289 205 2323 acm
229 2279 340 2322 ante
369 2274 735 2336 Quintilianum
768 2290 914 2336 neque
947 2275 1185 2335 integrum
1212 2290 1356 2335 neque
1383 2274 1484 2322 nisi
1503 2275 1710 2321 lacerum
1736 2278 1782 2319 et

45 2390 48 2400 .
92 2361 323 2420 jtruncum
337 2356 570 2419 pluribus
594 2355 704 2403 locis
727 2355 1018 2403 haberemus.

171 2437 307 2485 Haec
327 2437 469 2485 verba
494 2453 557 2485 ex⁴
577 2437 812 2499 originali
831 2437 1008 2499 Poggii
1026 2443 1231 2500 sumpta.

111 2560 113 2564 .
174 2517 446 2568 Asconium
471 2517 522 2567 in
549 2535 694 2567 suum
721 2517 869 2567 etiam
896 2534 1042 2567 usum
1068 2517 1374 2583 transcripsit
1400 2520 1778 2568 Bartolomaeus

45 2622 48 2638 =
92 2599 168 2650 de
201 2599 636 2664 Montepolitiano,
665 2609 718 2649 ut
751 2617 838 2663 par
863 2608 978 2660 erat,
1006 2617 1107 2649 una
1143 2617 1258 2649 cum
1295 2601 1484 2664 Poggio
1521 2608 1776 2663 tamquam

46 2705 47 2715 π
105 2695 270 2731 comes
300 2690 349 2732 et
378 2683 568 2746 collega
590 2683 680 2731 ‘ab
717 2684 978 2731 Romanae
1010 2681 1249 2731 ecclesiae
1287 2681 1593 2746 principibus
1611 2683 1622 2703 '
1648 2682 1778 2732 Con-

160 2810 174 2834 1
205 2811 272 2851 Ex
310 2812 376 2852 his
414 2812 634 2852 codicibus
674 2818 716 2852 et
756 2813 849 2855 cod.
889 2811 1083 2852 tabularii
1125 2811 1254 2852 Basil.
1293 2811 1385 2852 Vat.
1427 2811 1484 2853 H.
1521 2823 1581 2852 11.
1619 2823 1667 2850 12
1703 2811 1774 2862 (cf.

106 2876 147 2928 p.
171 2865 265 2916 xix)
287 2865 542 2917 Quintiliani
573 2866 884 2919 Sangallensis,
919 2878 1030 2907 nunc
1061 2866 1286 2918 deperditi,
1317 2879 1427 2917 quae
1456 2865 1780 2920 indoles'suerit

106 2921 299 2960 iuvenire
319 2920 443 2962 facile
463 2927 591 2962 esset.

916 2990 997 3039 xiii
