<?xml version="1.0" encoding="UTF-8"?>
<!DOCTYPE html PUBLIC "-//W3C//DTD XHTML 1.0 Transitional//EN"
    "http://www.w3.org/TR/xhtml1/DTD/xhtml1-transitional.dtd">
<html xmlns="http://www.w3.org/1999/xhtml" xml:lang="en" lang="en">
 <head>
  <title>
</title>
<meta http-equiv="Content-Type" content="text/html;charset=utf-8" />
  <meta name='ocr-system' content='tesseract 3.04.00' />
  <meta name='ocr-capabilities' content='ocr_page ocr_carea ocr_par ocr_line ocrx_word'/>
</head>
<body>
  <div class='ocr_page' id='page_1' title='image "./qasconiipedianio00ascouoft_0088.png"; bbox 0 0 1988 3334; ppageno 0'>
   <div class='ocr_carea' id='block_1_1' title="bbox 123 1572 182 1621">
    <p class='ocr_par' dir='ltr' id='par_1_1' title="bbox 123 1572 182 1621">
     <span class='ocr_line' id='line_1_1' title="bbox 123 1572 182 1621; baseline 0 -14"><span class='ocrx_word' id='word_1_1' title='bbox 123 1572 182 1621; x_wconf 79' lang='lat'><strong>41</strong></span> 
     </span>
    </p>
   </div>
   <div class='ocr_carea' id='block_1_2' title="bbox 219 72 1226 172">
    <p class='ocr_par' dir='ltr' id='par_1_2' title="bbox 219 72 1226 172">
     <span class='ocr_line' id='line_1_2' title="bbox 219 72 1226 172; baseline 0.007 -13"><span class='ocrx_word' id='word_1_2' title='bbox 219 115 284 171; x_wconf 90' lang='lat'><strong>46</strong></span> <span class='ocrx_word' id='word_1_3' title='bbox 469 72 481 82; x_wconf 68' lang='grc'><strong><em>’</em></strong></span> <span class='ocrx_word' id='word_1_4' title='bbox 672 88 674 91; x_wconf 71' lang='grc'>’</span> <span class='ocrx_word' id='word_1_5' title='bbox 879 115 1226 172; x_wconf 78' lang='lat' dir='ltr'><strong>AscoNivs</strong></span> 
     </span>
    </p>
   </div>
   <div class='ocr_carea' id='block_1_3' title="bbox 1714 0 1988 3334">
    <p class='ocr_par' dir='ltr' id='par_1_3' title="bbox 1714 0 1988 3334">
     <span class='ocr_line' id='line_1_3' title="bbox 1798 0 1988 349; baseline 0 -45"><span class='ocrx_word' id='word_1_6' title='bbox 1798 0 1988 349; x_wconf 95' lang='lat' dir='ltr'><strong>   </strong></span> 
     </span>
     <span class='ocr_line' id='line_1_4' title="bbox 1859 349 1988 517; baseline 0 -47"><span class='ocrx_word' id='word_1_7' title='bbox 1859 349 1988 517; x_wconf 95' lang='lat' dir='ltr'><strong>   </strong></span> 
     </span>
     <span class='ocr_line' id='line_1_5' title="bbox 1738 517 1988 709; baseline 0 -160"><span class='ocrx_word' id='word_1_8' title='bbox 1738 517 1739 549; x_wconf 95' lang='lat' dir='ltr'><strong> </strong></span> <span class='ocrx_word' id='word_1_9' title='bbox 1860 517 1988 709; x_wconf 95' lang='lat' dir='ltr'><strong>     </strong></span> 
     </span>
     <span class='ocr_line' id='line_1_6' title="bbox 1860 709 1988 960; baseline 0 -158"><span class='ocrx_word' id='word_1_10' title='bbox 1860 709 1988 960; x_wconf 95' lang='lat' dir='ltr'><strong>    </strong></span> 
     </span>
     <span class='ocr_line' id='line_1_7' title="bbox 1852 1123 1988 1393; baseline 0 0"><span class='ocrx_word' id='word_1_11' title='bbox 1852 1123 1988 1393; x_wconf 95' lang='lat' dir='ltr'><strong>     </strong></span> 
     </span>
     <span class='ocr_line' id='line_1_8' title="bbox 1848 1393 1988 1495; baseline 0 1839"><span class='ocrx_word' id='word_1_12' title='bbox 1848 1393 1988 1495; x_wconf 95' lang='lat' dir='ltr'><strong> </strong></span> 
     </span>
     <span class='ocr_line' id='line_1_9' title="bbox 1760 1495 1988 1776; baseline 0 0"><span class='ocrx_word' id='word_1_13' title='bbox 1760 1495 1988 1776; x_wconf 95' lang='lat' dir='ltr'><strong>     </strong></span> 
     </span>
     <span class='ocr_line' id='line_1_10' title="bbox 1830 1776 1988 2101; baseline 0 -164"><span class='ocrx_word' id='word_1_14' title='bbox 1830 1776 1988 2101; x_wconf 95' lang='lat' dir='ltr'><strong>     </strong></span> 
     </span>
     <span class='ocr_line' id='line_1_11' title="bbox 1862 2101 1988 2311; baseline 0 0"><span class='ocrx_word' id='word_1_15' title='bbox 1862 2101 1988 2311; x_wconf 95' lang='lat' dir='ltr'><strong>   </strong></span> 
     </span>
     <span class='ocr_line' id='line_1_12' title="bbox 1848 2311 1988 2408; baseline 0 0"><span class='ocrx_word' id='word_1_16' title='bbox 1848 2311 1988 2408; x_wconf 95' lang='lat' dir='ltr'><strong>  </strong></span> 
     </span>
     <span class='ocr_line' id='line_1_13' title="bbox 1826 2408 1988 2574; baseline 0 -57"><span class='ocrx_word' id='word_1_17' title='bbox 1826 2408 1988 2574; x_wconf 95' lang='lat' dir='ltr'><strong>   </strong></span> 
     </span>
     <span class='ocr_line' id='line_1_14' title="bbox 1856 2574 1988 2674; baseline 0 660"><span class='ocrx_word' id='word_1_18' title='bbox 1856 2574 1988 2674; x_wconf 95' lang='lat' dir='ltr'><strong> </strong></span> 
     </span>
     <span class='ocr_line' id='line_1_15' title="bbox 1832 2674 1988 2716; baseline 0 618"><span class='ocrx_word' id='word_1_19' title='bbox 1832 2674 1988 2716; x_wconf 95' lang='lat' dir='ltr'><strong> </strong></span> 
     </span>
     <span class='ocr_line' id='line_1_16' title="bbox 1714 2716 1988 2901; baseline 0 -8"><span class='ocrx_word' id='word_1_20' title='bbox 1714 2716 1988 2901; x_wconf 95' lang='lat' dir='ltr'><strong>   </strong></span> 
     </span>
     <span class='ocr_line' id='line_1_17' title="bbox 1836 2901 1988 3334; baseline 0 0"><span class='ocrx_word' id='word_1_21' title='bbox 1836 2901 1988 3334; x_wconf 95' lang='lat' dir='ltr'><strong>  </strong></span> 
     </span>
    </p>
   </div>
   <div class='ocr_carea' id='block_1_4' title="bbox 328 197 364 204">
    <p class='ocr_par' dir='ltr' id='par_1_4' title="bbox 328 197 364 204">
     <span class='ocr_line' id='line_1_18' title="bbox 328 197 364 204; baseline 0 0"><span class='ocrx_word' id='word_1_22' title='bbox 328 197 364 204; x_wconf 42' lang='grc' dir='ltr'>κ</span> 
     </span>
    </p>
   </div>
   <div class='ocr_carea' id='block_1_5' title="bbox 213 251 1962 1710">
    <p class='ocr_par' dir='ltr' id='par_1_5' title="bbox 215 251 1960 740">
     <span class='ocr_line' id='line_1_19' title="bbox 217 251 1959 328; baseline 0.004 -28"><span class='ocrx_word' id='word_1_23' title='bbox 217 267 315 315; x_wconf 92' lang='lat' dir='ltr'><strong>que</strong></span> <span class='ocrx_word' id='word_1_24' title='bbox 357 251 620 316; x_wconf 86' lang='lat' dir='ltr'>collegium</span> <span class='ocrx_word' id='word_1_25' title='bbox 672 251 966 317; x_wconf 88' lang='lat' dir='ltr'><strong>pontificum</strong></span> <span class='ocrx_word' id='word_1_26' title='bbox 1014 255 1143 303; x_wconf 88' lang='lat' dir='ltr'><strong>male</strong></span> <span class='ocrx_word' id='word_1_27' title='bbox 1181 253 1430 323; x_wconf 75' lang='lat' dir='ltr'><strong>iudicasse</strong></span> <span class='ocrx_word' id='word_1_28' title='bbox 1467 256 1532 306; x_wconf 91' lang='lat' dir='ltr'><strong>de</strong></span> <span class='ocrx_word' id='word_1_29' title='bbox 1570 255 1762 306; x_wconf 91' lang='lat' dir='ltr'><strong>incesto</strong></span> <span class='ocrx_word' id='word_1_30' title='bbox 1838 255 1848 266; x_wconf 84' lang='grc'><em>’</em></span> <span class='ocrx_word' id='word_1_31' title='bbox 1956 311 1959 328; x_wconf 46' lang='lat'><strong>¹</strong></span> 
     </span>
     <span class='ocr_line' id='line_1_20' title="bbox 216 331 1960 398; baseline 0.003 -16"><span class='ocrx_word' id='word_1_32' title='bbox 216 331 388 396; x_wconf 88' lang='lat' dir='ltr'><strong>ginum</strong></span> <span class='ocrx_word' id='word_1_33' title='bbox 413 332 704 394; x_wconf 86' lang='lat' dir='ltr'><strong>Vestalium,</strong></span> <span class='ocrx_word' id='word_1_34' title='bbox 732 335 871 398; x_wconf 89' lang='lat' dir='ltr'><strong>quod</strong></span> <span class='ocrx_word' id='word_1_35' title='bbox 896 351 1048 385; x_wconf 87' lang='lat' dir='ltr'><strong>unam</strong></span> <span class='ocrx_word' id='word_1_36' title='bbox 1074 337 1229 386; x_wconf 92' lang='lat' dir='ltr'><strong>modo</strong></span> <span class='ocrx_word' id='word_1_37' title='bbox 1254 334 1521 386; x_wconf 84' lang='lat' dir='ltr'><strong>Aemiliam</strong></span> <span class='ocrx_word' id='word_1_38' title='bbox 1553 338 1874 388; x_wconf 83' lang='lat' dir='ltr'><strong>damnaverat</strong></span> <span class='ocrx_word' id='word_1_39' title='bbox 1956 337 1960 354; x_wconf 90' lang='lat'>&#39;</span> 
     </span>
     <span class='ocr_line' id='line_1_21' title="bbox 215 414 1960 483; baseline 0.003 -20"><span class='ocrx_word' id='word_1_40' title='bbox 215 414 494 465; x_wconf 85' lang='lat' dir='ltr'>absolverat</span> <span class='ocrx_word' id='word_1_41' title='bbox 525 424 693 465; x_wconf 86' lang='lat' dir='ltr'><strong>autem</strong></span> <span class='ocrx_word' id='word_1_42' title='bbox 718 416 842 466; x_wconf 89' lang='lat' dir='ltr'><strong>duas</strong></span> <span class='ocrx_word' id='word_1_43' title='bbox 870 415 1112 466; x_wconf 85' lang='lat' dir='ltr'><strong>Marciam</strong></span> <span class='ocrx_word' id='word_1_44' title='bbox 1146 425 1195 466; x_wconf 94' lang='lat' dir='ltr'><strong>et</strong></span> <span class='ocrx_word' id='word_1_45' title='bbox 1221 415 1480 477; x_wconf 88' lang='lat' dir='ltr'><strong>Liciniam,</strong></span> <span class='ocrx_word' id='word_1_46' title='bbox 1509 419 1723 483; x_wconf 88' lang='lat' dir='ltr'><strong>populus</strong></span> <span class='ocrx_word' id='word_1_47' title='bbox 1755 420 1889 468; x_wconf 71' lang='lat' dir='ltr'><strong>hum</strong></span> <span class='ocrx_word' id='word_1_48' title='bbox 1957 426 1960 480; x_wconf 67' lang='grc' dir='ltr'>ξ</span> 
     </span>
     <span class='ocr_line' id='line_1_22' title="bbox 217 494 1883 564; baseline 0.002 -17"><span class='ocrx_word' id='word_1_49' title='bbox 217 494 447 547; x_wconf 88' lang='lat' dir='ltr'><strong>Cassium</strong></span> <span class='ocrx_word' id='word_1_50' title='bbox 472 495 654 546; x_wconf 84' lang='lat' dir='ltr'><strong>creavit</strong></span> <span class='ocrx_word' id='word_1_51' title='bbox 678 496 764 561; x_wconf 91' lang='lat' dir='ltr'><strong>qui</strong></span> <span class='ocrx_word' id='word_1_52' title='bbox 789 498 853 547; x_wconf 89' lang='lat' dir='ltr'><strong>de</strong></span> <span class='ocrx_word' id='word_1_53' title='bbox 882 496 1073 548; x_wconf 89' lang='lat' dir='ltr'><strong>eisdem</strong></span> <span class='ocrx_word' id='word_1_54' title='bbox 1098 497 1369 563; x_wconf 89' lang='lat' dir='ltr'><strong>virginibus</strong></span> <span class='ocrx_word' id='word_1_55' title='bbox 1394 507 1666 563; x_wconf 86' lang='lat' dir='ltr'><strong>quaereret.</strong></span> <span class='ocrx_word' id='word_1_56' title='bbox 1739 501 1883 564; x_wconf 90' lang='lat' dir='ltr'><strong>Isqu</strong></span> 
     </span>
     <span class='ocr_line' id='line_1_23' title="bbox 216 578 1959 652; baseline 0.002 -25"><span class='ocrx_word' id='word_1_57' title='bbox 216 586 265 627; x_wconf 91' lang='lat' dir='ltr'><strong>et</strong></span> <span class='ocrx_word' id='word_1_58' title='bbox 289 586 522 642; x_wconf 90' lang='lat' dir='ltr'><strong>utrasque</strong></span> <span class='ocrx_word' id='word_1_59' title='bbox 546 595 628 628; x_wconf 92' lang='lat' dir='ltr'><strong>eas</strong></span> <span class='ocrx_word' id='word_1_60' title='bbox 653 587 703 629; x_wconf 91' lang='lat' dir='ltr'><strong>et</strong></span> <span class='ocrx_word' id='word_1_61' title='bbox 734 586 986 642; x_wconf 88' lang='lat' dir='ltr'><strong>praeterea</strong></span> <span class='ocrx_word' id='word_1_62' title='bbox 1009 581 1290 645; x_wconf 87' lang='lat' dir='ltr'>complures</span> <span class='ocrx_word' id='word_1_63' title='bbox 1322 578 1441 630; x_wconf 87' lang='lat' dir='ltr'><strong>alias</strong></span> <span class='ocrx_word' id='word_1_64' title='bbox 1466 580 1620 631; x_wconf 89' lang='lat' dir='ltr'><strong>nimia</strong></span> <span class='ocrx_word' id='word_1_65' title='bbox 1643 580 1809 642; x_wconf 88' lang='lat' dir='ltr'><strong>etiam,</strong></span> <span class='ocrx_word' id='word_1_66' title='bbox 1835 597 1868 632; x_wconf 94' lang='lat' dir='ltr'><strong>u</strong></span> <span class='ocrx_word' id='word_1_67' title='bbox 1882 608 1893 617; x_wconf 93' lang='lat'><strong>--</strong></span> <span class='ocrx_word' id='word_1_68' title='bbox 1958 594 1959 652; x_wconf 68' lang='lat' dir='ltr'><strong>j</strong></span> 
     </span>
     <span class='ocr_line' id='line_1_24' title="bbox 215 661 1942 740; baseline 0.002 -28"><span class='ocrx_word' id='word_1_69' title='bbox 215 661 511 714; x_wconf 87' lang='lat' dir='ltr'><strong>existimatio</strong></span> <span class='ocrx_word' id='word_1_70' title='bbox 536 673 622 724; x_wconf 90' lang='lat' dir='ltr'><strong>est,</strong></span> <span class='ocrx_word' id='word_1_71' title='bbox 650 663 912 728; x_wconf 87' lang='lat' dir='ltr'><strong>asperitate</strong></span> <span class='ocrx_word' id='word_1_72' title='bbox 936 681 1054 714; x_wconf 93' lang='lat' dir='ltr'><strong>usus</strong></span> <span class='ocrx_word' id='word_1_73' title='bbox 1079 664 1346 715; x_wconf 89' lang='lat' dir='ltr'><strong>damnavit.</strong></span> <span class='ocrx_word' id='word_1_74' title='bbox 1883 705 1886 713; x_wconf 81' lang='grc'>.</span> <span class='ocrx_word' id='word_1_75' title='bbox 1936 725 1942 740; x_wconf 72' lang='lat'><strong>,</strong></span> 
     </span>
    </p>

    <p class='ocr_par' dir='ltr' id='par_1_6' title="bbox 216 743 1961 973">
     <span class='ocr_line' id='line_1_25' title="bbox 283 743 1960 812; baseline 0.003 -19"><span class='ocrx_word' id='word_1_76' title='bbox 283 743 331 809; x_wconf 65' lang='grc' dir='ltr'><strong>(ξ</strong></span> <span class='ocrx_word' id='word_1_77' title='bbox 358 743 461 811; x_wconf 85' lang='lat'><strong>33.)</strong></span> <span class='ocrx_word' id='word_1_78' title='bbox 497 747 568 795; x_wconf 91' lang='lat' dir='ltr'><strong>Et</strong></span> <span class='ocrx_word' id='word_1_79' title='bbox 603 745 833 810; x_wconf 87' lang='lat' dir='ltr'><strong>aspexit</strong></span> <span class='ocrx_word' id='word_1_80' title='bbox 869 763 954 796; x_wconf 90' lang='lat' dir='ltr'><strong>me</strong></span> <span class='ocrx_word' id='word_1_81' title='bbox 990 745 1112 796; x_wconf 90' lang='lat' dir='ltr'><strong>illis</strong></span> <span class='ocrx_word' id='word_1_82' title='bbox 1155 746 1395 811; x_wconf 91' lang='lat' dir='ltr'><strong>quidem</strong></span> <span class='ocrx_word' id='word_1_83' title='bbox 1434 747 1632 797; x_wconf 88' lang='lat' dir='ltr'><strong>ocul-is</strong></span> <span class='ocrx_word' id='word_1_84' title='bbox 1674 746 1894 812; x_wconf 92' lang='lat' dir='ltr'><strong>quibu</strong></span> <span class='ocrx_word' id='word_1_85' title='bbox 1958 758 1960 764; x_wconf 77' lang='grc'>’</span> 
     </span>
     <span class='ocr_line' id='line_1_26' title="bbox 216 828 1961 906; baseline 0.003 -31"><span class='ocrx_word' id='word_1_86' title='bbox 216 835 357 876; x_wconf 91' lang='lat' dir='ltr'><strong>tunc</strong></span> <span class='ocrx_word' id='word_1_87' title='bbox 427 828 664 878; x_wconf 88' lang='lat' dir='ltr'><strong>solebat</strong></span> <span class='ocrx_word' id='word_1_88' title='bbox 734 843 861 876; x_wconf 91' lang='lat' dir='ltr'><strong>cum</strong></span> <span class='ocrx_word' id='word_1_89' title='bbox 933 828 1210 878; x_wconf 90' lang='lat' dir='ltr'><strong>omnibus</strong></span> <span class='ocrx_word' id='word_1_90' title='bbox 1271 828 1471 878; x_wconf 90' lang='lat' dir='ltr'><strong>omnia</strong></span> <span class='ocrx_word' id='word_1_91' title='bbox 1530 828 1876 880; x_wconf 87' lang='lat' dir='ltr'><strong>minabatur</strong></span> <span class='ocrx_word' id='word_1_92' title='bbox 1958 830 1961 906; x_wconf 55' lang='grc' dir='ltr'>ξ</span> 
     </span>
     <span class='ocr_line' id='line_1_27' title="bbox 217 908 1878 973; baseline 0.002 -16"><span class='ocrx_word' id='word_1_93' title='bbox 217 910 420 957; x_wconf 91' lang='lat' dir='ltr'><strong>Movet</strong></span> <span class='ocrx_word' id='word_1_94' title='bbox 458 925 547 959; x_wconf 91' lang='lat' dir='ltr'><strong>me</strong></span> <span class='ocrx_word' id='word_1_95' title='bbox 587 908 1034 973; x_wconf 68' lang='lat' dir='ltr'><strong>quippe‘lumen</strong></span> <span class='ocrx_word' id='word_1_96' title='bbox 1076 909 1310 960; x_wconf 84' lang='lat' dir='ltr'><strong>curiae!</strong></span> <span class='ocrx_word' id='word_1_97' title='bbox 1876 958 1878 961; x_wconf 84' lang='lat'><strong>.</strong></span> 
     </span>
    </p>

    <p class='ocr_par' dir='ltr' id='par_1_7' title="bbox 213 989 1961 1224">
     <span class='ocr_line' id='line_1_28' title="bbox 284 989 1961 1057; baseline 0.002 -18"><span class='ocrx_word' id='word_1_98' title='bbox 284 989 387 1040; x_wconf 90' lang='lat' dir='ltr'><strong>Hic</strong></span> <span class='ocrx_word' id='word_1_99' title='bbox 411 999 486 1040; x_wconf 92' lang='lat' dir='ltr'><strong>est</strong></span> <span class='ocrx_word' id='word_1_100' title='bbox 510 992 618 1041; x_wconf 72' lang='lat' dir='ltr'><strong>Sex,</strong></span> <span class='ocrx_word' id='word_1_101' title='bbox 648 990 857 1042; x_wconf 88' lang='lat' dir='ltr'><strong>Clodius</strong></span> <span class='ocrx_word' id='word_1_102' title='bbox 883 1007 1034 1055; x_wconf 92' lang='lat' dir='ltr'><strong>quem</strong></span> <span class='ocrx_word' id='word_1_103' title='bbox 1058 990 1111 1040; x_wconf 90' lang='lat' dir='ltr'><strong>in</strong></span> <span class='ocrx_word' id='word_1_104' title='bbox 1142 1000 1435 1057; x_wconf 88' lang='lat' dir='ltr'><strong>argumento</strong></span> <span class='ocrx_word' id='word_1_105' title='bbox 1471 991 1618 1042; x_wconf 92' lang='lat' dir='ltr'><strong>huius</strong></span> <span class='ocrx_word' id='word_1_106' title='bbox 1651 991 1892 1043; x_wconf 89' lang='lat' dir='ltr'><strong>orationi</strong></span> <span class='ocrx_word' id='word_1_107' title='bbox 1959 995 1961 1013; x_wconf 83' lang='lat'><strong>¹</strong></span> 
     </span>
     <span class='ocr_line' id='line_1_29' title="bbox 214 1069 1961 1136; baseline 0.003 -16"><span class='ocrx_word' id='word_1_108' title='bbox 214 1069 427 1120; x_wconf 83' lang='lat' dir='ltr'><strong>diximus</strong></span> <span class='ocrx_word' id='word_1_109' title='bbox 463 1088 642 1136; x_wconf 92' lang='lat' dir='ltr'><strong>corpus</strong></span> <span class='ocrx_word' id='word_1_110' title='bbox 685 1071 834 1124; x_wconf 91' lang='lat' dir='ltr'><strong>Clodi</strong></span> <span class='ocrx_word' id='word_1_111' title='bbox 875 1070 927 1121; x_wconf 91' lang='lat' dir='ltr'><strong>in</strong></span> <span class='ocrx_word' id='word_1_112' title='bbox 969 1071 1156 1122; x_wconf 88' lang='lat' dir='ltr'><strong>curiam</strong></span> <span class='ocrx_word' id='word_1_113' title='bbox 1191 1072 1415 1123; x_wconf 90' lang='lat' dir='ltr'><strong>intulisse</strong></span> <span class='ocrx_word' id='word_1_114' title='bbox 1456 1082 1506 1123; x_wconf 91' lang='lat' dir='ltr'><strong>et</strong></span> <span class='ocrx_word' id='word_1_115' title='bbox 1540 1072 1610 1123; x_wconf 91' lang='lat' dir='ltr'><strong>ibi</strong></span> <span class='ocrx_word' id='word_1_116' title='bbox 1645 1090 1891 1126; x_wconf 77' lang='lat' dir='ltr'><strong>cremass·¹</strong></span> <span class='ocrx_word' id='word_1_117' title='bbox 1959 1077 1961 1115; x_wconf 68' lang='grc' dir='ltr'>ἰ</span> 
     </span>
     <span class='ocr_line' id='line_1_30' title="bbox 213 1152 1961 1224; baseline 0 -22"><span class='ocrx_word' id='word_1_118' title='bbox 213 1169 376 1217; x_wconf 92' lang='lat' dir='ltr'><strong>eoque</strong></span> <span class='ocrx_word' id='word_1_119' title='bbox 399 1152 605 1204; x_wconf 92' lang='lat' dir='ltr'><strong>incenso</strong></span> <span class='ocrx_word' id='word_1_120' title='bbox 629 1153 817 1204; x_wconf 91' lang='lat' dir='ltr'><strong>curiam</strong></span> <span class='ocrx_word' id='word_1_121' title='bbox 842 1155 1170 1219; x_wconf 87' lang='lat' dir='ltr'><strong>conflagrasse</strong></span> <span class='ocrx_word' id='word_1_122' title='bbox 1186 1173 1201 1216; x_wconf 79' lang='lat'>3</span> <span class='ocrx_word' id='word_1_123' title='bbox 1236 1154 1351 1206; x_wconf 89' lang='lat' dir='ltr'><strong>ideo</strong></span> <span class='ocrx_word' id='word_1_124' title='bbox 1370 1157 1539 1205; x_wconf 89' lang='lat' dir='ltr'><strong>lumen</strong></span> <span class='ocrx_word' id='word_1_125' title='bbox 1565 1154 1730 1206; x_wconf 90' lang='lat' dir='ltr'><strong>curiae</strong></span> <span class='ocrx_word' id='word_1_126' title='bbox 1753 1154 1894 1220; x_wconf 42' lang='lat' dir='ltr'><strong>dicit)</strong></span> <span class='ocrx_word' id='word_1_127' title='bbox 1959 1216 1961 1224; x_wconf 17' lang='grc' dir='ltr'><em>γ</em></span> 
     </span>
    </p>

    <p class='ocr_par' dir='ltr' id='par_1_8' title="bbox 214 1228 1962 1544">
     <span class='ocr_line' id='line_1_31' title="bbox 282 1228 1962 1302; baseline 0.001 -19"><span class='ocrx_word' id='word_1_128' title='bbox 282 1233 331 1300; x_wconf 82' lang='lat'><strong>(§</strong></span> <span class='ocrx_word' id='word_1_129' title='bbox 369 1233 472 1302; x_wconf 88' lang='lat'><strong>37.)</strong></span> <span class='ocrx_word' id='word_1_130' title='bbox 526 1236 781 1297; x_wconf 84' lang='lat' dir='ltr'><strong>Quando</strong></span> <span class='ocrx_word' id='word_1_131' title='bbox 834 1234 998 1285; x_wconf 91' lang='lat' dir='ltr'><strong>illius</strong></span> <span class='ocrx_word' id='word_1_132' title='bbox 1057 1244 1266 1300; x_wconf 90' lang='lat' dir='ltr'><strong>postea</strong></span> <span class='ocrx_word' id='word_1_133' title='bbox 1312 1235 1435 1285; x_wconf 87' lang='lat' dir='ltr'><strong>sica</strong></span> <span class='ocrx_word' id='word_1_134' title='bbox 1481 1235 1587 1285; x_wconf 89' lang='lat' dir='ltr'><strong>illa</strong></span> <span class='ocrx_word' id='word_1_135' title='bbox 1637 1228 1830 1300; x_wconf 30' lang='lat' dir='ltr'><strong>quam*</strong></span> <span class='ocrx_word' id='word_1_136' title='bbox 1869 1259 1888 1279; x_wconf 86' lang='lat'><strong>:·</strong></span> <span class='ocrx_word' id='word_1_137' title='bbox 1959 1234 1962 1271; x_wconf 67' lang='lat'>³</span> 
     </span>
     <span class='ocr_line' id='line_1_32' title="bbox 216 1316 1962 1382; baseline -0.002 -13"><span class='ocrx_word' id='word_1_138' title='bbox 216 1316 481 1369; x_wconf 88' lang='lat' dir='ltr'><strong>Catilina</strong></span> <span class='ocrx_word' id='word_1_139' title='bbox 543 1326 856 1382; x_wconf 89' lang='lat' dir='ltr'><strong>acceperat</strong></span> <span class='ocrx_word' id='word_1_140' title='bbox 920 1317 1309 1382; x_wconf 85' lang='lat' dir='ltr'><strong>conquievit?</strong></span> <span class='ocrx_word' id='word_1_141' title='bbox 1418 1320 1585 1367; x_wconf 91' lang='lat' dir='ltr'><strong>Haec</strong></span> <span class='ocrx_word' id='word_1_142' title='bbox 1658 1317 1889 1369; x_wconf 88' lang='lat' dir='ltr'><strong>intent</strong></span> <span class='ocrx_word' id='word_1_143' title='bbox 1934 1326 1962 1366; x_wconf 52' lang='grc' dir='ltr'>ἰ</span> 
     </span>
     <span class='ocr_line' id='line_1_33' title="bbox 214 1397 1941 1463; baseline 0.001 -15"><span class='ocrx_word' id='word_1_144' title='bbox 214 1397 387 1448; x_wconf 90' lang='lat' dir='ltr'><strong>nobis</strong></span> <span class='ocrx_word' id='word_1_145' title='bbox 426 1407 527 1458; x_wconf 90' lang='lat' dir='ltr'><strong>est,</strong></span> <span class='ocrx_word' id='word_1_146' title='bbox 568 1398 706 1448; x_wconf 90' lang='lat' dir='ltr'><strong>huic</strong></span> <span class='ocrx_word' id='word_1_147' title='bbox 745 1414 852 1462; x_wconf 89' lang='lat' dir='ltr'><strong>ego</strong></span> <span class='ocrx_word' id='word_1_148' title='bbox 891 1397 1052 1448; x_wconf 90' lang='lat' dir='ltr'><strong>obici</strong></span> <span class='ocrx_word' id='word_1_149' title='bbox 1091 1415 1193 1449; x_wconf 90' lang='lat' dir='ltr'><strong>vos</strong></span> <span class='ocrx_word' id='word_1_150' title='bbox 1235 1415 1340 1463; x_wconf 90' lang='lat' dir='ltr'><strong>pro</strong></span> <span class='ocrx_word' id='word_1_151' title='bbox 1383 1415 1471 1450; x_wconf 89' lang='lat' dir='ltr'><strong>me</strong></span> <span class='ocrx_word' id='word_1_152' title='bbox 1512 1415 1723 1463; x_wconf 91' lang='lat' dir='ltr'><strong>passus</strong></span> <span class='ocrx_word' id='word_1_153' title='bbox 1770 1417 1845 1450; x_wconf 90' lang='lat' dir='ltr'><strong>no</strong></span> <span class='ocrx_word' id='word_1_154' title='bbox 1884 1423 1893 1439; x_wconf 89' lang='lat'><strong>‹·</strong></span> <span class='ocrx_word' id='word_1_155' title='bbox 1936 1399 1941 1407; x_wconf 77' lang='grc'>’</span> 
     </span>
     <span class='ocr_line' id='line_1_34' title="bbox 214 1479 1323 1544; baseline 0.001 -15"><span class='ocrx_word' id='word_1_156' title='bbox 214 1497 354 1540; x_wconf 91' lang='lat' dir='ltr'><strong>sum,</strong></span> <span class='ocrx_word' id='word_1_157' title='bbox 389 1481 534 1530; x_wconf 92' lang='lat' dir='ltr'><strong>haec</strong></span> <span class='ocrx_word' id='word_1_158' title='bbox 570 1479 857 1531; x_wconf 88' lang='lat' dir='ltr'><strong>insidiata</strong></span> <span class='ocrx_word' id='word_1_159' title='bbox 893 1480 1177 1544; x_wconf 92' lang='lat' dir='ltr'><strong>Pompeio</strong></span> <span class='ocrx_word' id='word_1_160' title='bbox 1219 1489 1323 1530; x_wconf 90' lang='lat' dir='ltr'><strong>est.</strong></span> 
     </span>
    </p>

    <p class='ocr_par' dir='ltr' id='par_1_9' title="bbox 213 1550 1962 1710">
     <span class='ocr_line' id='line_1_35' title="bbox 284 1550 1962 1628; baseline 0.002 -16"><span class='ocrx_word' id='word_1_161' title='bbox 284 1564 451 1612; x_wconf 91' lang='lat' dir='ltr'><strong>Haec</strong></span> <span class='ocrx_word' id='word_1_162' title='bbox 483 1562 716 1612; x_wconf 88' lang='lat' dir='ltr'><strong>intenta</strong></span> <span class='ocrx_word' id='word_1_163' title='bbox 750 1562 924 1613; x_wconf 91' lang='lat' dir='ltr'><strong>nobis</strong></span> <span class='ocrx_word' id='word_1_164' title='bbox 954 1572 1042 1613; x_wconf 91' lang='lat' dir='ltr'><strong>est</strong></span> <span class='ocrx_word' id='word_1_165' title='bbox 1080 1572 1129 1612; x_wconf 89' lang='lat' dir='ltr'><strong>et</strong></span> <span class='ocrx_word' id='word_1_166' title='bbox 1167 1562 1328 1613; x_wconf 92' lang='lat' dir='ltr'><strong>obici</strong></span> <span class='ocrx_word' id='word_1_167' title='bbox 1364 1580 1465 1613; x_wconf 90' lang='lat' dir='ltr'><strong>vos</strong></span> <span class='ocrx_word' id='word_1_168' title='bbox 1504 1579 1608 1628; x_wconf 90' lang='lat' dir='ltr'><strong>pro</strong></span> <span class='ocrx_word' id='word_1_169' title='bbox 1644 1580 1732 1614; x_wconf 91' lang='lat' dir='ltr'><strong>me</strong></span> <span class='ocrx_word' id='word_1_170' title='bbox 1767 1580 1842 1615; x_wconf 91' lang='lat' dir='ltr'><strong>no</strong></span> <span class='ocrx_word' id='word_1_171' title='bbox 1882 1589 1886 1606; x_wconf 63' lang='grc' dir='ltr'>ι</span> <span class='ocrx_word' id='word_1_172' title='bbox 1932 1550 1962 1601; x_wconf 59' lang='grc' dir='ltr'><strong>ῗῗ</strong></span> 
     </span>
     <span class='ocr_line' id='line_1_36' title="bbox 213 1643 1892 1710; baseline 0.002 -18"><span class='ocrx_word' id='word_1_173' title='bbox 213 1660 338 1693; x_wconf 90' lang='lat' dir='ltr'><strong>sum</strong></span> <span class='ocrx_word' id='word_1_174' title='bbox 375 1660 600 1708; x_wconf 85' lang='lat' dir='ltr'><strong>passuS,</strong></span> <span class='ocrx_word' id='word_1_175' title='bbox 624 1643 942 1694; x_wconf 89' lang='lat' dir='ltr'><strong>manifestum</strong></span> <span class='ocrx_word' id='word_1_176' title='bbox 979 1653 1054 1694; x_wconf 93' lang='lat' dir='ltr'><strong>est</strong></span> <span class='ocrx_word' id='word_1_177' title='bbox 1089 1643 1333 1709; x_wconf 91' lang='lat' dir='ltr'><strong>pertinere</strong></span> <span class='ocrx_word' id='word_1_178' title='bbox 1366 1645 1431 1694; x_wconf 88' lang='lat' dir='ltr'><strong>ad</strong></span> <span class='ocrx_word' id='word_1_179' title='bbox 1463 1643 1516 1694; x_wconf 92' lang='lat' dir='ltr'><strong>id</strong></span> <span class='ocrx_word' id='word_1_180' title='bbox 1552 1653 1749 1709; x_wconf 90' lang='lat' dir='ltr'><strong>tempus</strong></span> <span class='ocrx_word' id='word_1_181' title='bbox 1785 1661 1892 1710; x_wconf 83' lang='lat' dir='ltr'><strong>qu·¹</strong></span> 
     </span>
    </p>
   </div>
   <div class='ocr_carea' id='block_1_6' title="bbox 212 1804 1962 2346">
    <p class='ocr_par' dir='ltr' id='par_1_10' title="bbox 212 1804 1962 2346">
     <span class='ocr_line' id='line_1_37' title="bbox 215 1804 1962 1870; baseline 0.001 -16"><span class='ocrx_word' id='word_1_182' title='bbox 215 1804 374 1855; x_wconf 91' lang='lat' dir='ltr'><strong>cessit.</strong></span> <span class='ocrx_word' id='word_1_183' title='bbox 462 1807 578 1868; x_wconf 87' lang='lat' dir='ltr'><strong>Qua</strong></span> <span class='ocrx_word' id='word_1_184' title='bbox 618 1822 669 1855; x_wconf 92' lang='lat' dir='ltr'><strong>re</strong></span> <span class='ocrx_word' id='word_1_185' title='bbox 710 1804 845 1856; x_wconf 89' lang='lat' dir='ltr'><strong>dicat</strong></span> <span class='ocrx_word' id='word_1_186' title='bbox 886 1804 1172 1856; x_wconf 88' lang='lat' dir='ltr'><strong>insidiata</strong></span> <span class='ocrx_word' id='word_1_187' title='bbox 1210 1805 1494 1870; x_wconf 90' lang='lat' dir='ltr'><strong>Pompeio</strong></span> <span class='ocrx_word' id='word_1_188' title='bbox 1536 1815 1628 1856; x_wconf 90' lang='lat' dir='ltr'><strong>est</strong></span> <span class='ocrx_word' id='word_1_189' title='bbox 1669 1805 1890 1858; x_wconf 87' lang='lat' dir='ltr'><strong>fortassi</strong></span> <span class='ocrx_word' id='word_1_190' title='bbox 1935 1806 1962 1843; x_wconf 58' lang='grc' dir='ltr'><strong>ἰ’</strong></span> 
     </span>
     <span class='ocr_line' id='line_1_38' title="bbox 213 1885 1934 1952; baseline 0.001 -16"><span class='ocrx_word' id='word_1_191' title='bbox 213 1885 472 1950; x_wconf 68' lang='lat' dir='ltr'><strong>quaeratis</strong></span> <span class='ocrx_word' id='word_1_192' title='bbox 560 1885 742 1936; x_wconf 91' lang='lat' dir='ltr'><strong>Pisone</strong></span> <span class='ocrx_word' id='word_1_193' title='bbox 797 1895 846 1937; x_wconf 93' lang='lat' dir='ltr'><strong>et</strong></span> <span class='ocrx_word' id='word_1_194' title='bbox 896 1886 1115 1937; x_wconf 91' lang='lat' dir='ltr'><strong>Gabinio</strong></span> <span class='ocrx_word' id='word_1_195' title='bbox 1170 1903 1294 1936; x_wconf 80' lang='lat' dir='ltr'><strong>coss,</strong></span> <span class='ocrx_word' id='word_1_196' title='bbox 1341 1888 1486 1952; x_wconf 92' lang='lat' dir='ltr'><strong>pulso</strong></span> <span class='ocrx_word' id='word_1_197' title='bbox 1537 1886 1781 1938; x_wconf 91' lang='lat' dir='ltr'><strong>Cicerone</strong></span> <span class='ocrx_word' id='word_1_198' title='bbox 1838 1887 1847 1897; x_wconf 86' lang='lat'>&#39;</span> <span class='ocrx_word' id='word_1_199' title='bbox 1931 1886 1934 1894; x_wconf 75' lang='grc'>’</span> 
     </span>
     <span class='ocr_line' id='line_1_39' title="bbox 212 1967 1881 2034; baseline 0.002 -17"><span class='ocrx_word' id='word_1_200' title='bbox 212 1967 452 2028; x_wconf 85' lang='lat' dir='ltr'><strong>exsilium,</strong></span> <span class='ocrx_word' id='word_1_201' title='bbox 479 1984 596 2018; x_wconf 93' lang='lat' dir='ltr'><strong>cum</strong></span> <span class='ocrx_word' id='word_1_202' title='bbox 627 1983 686 2017; x_wconf 94' lang='lat'><strong>111</strong></span> <span class='ocrx_word' id='word_1_203' title='bbox 715 1969 837 2020; x_wconf 91' lang='lat' dir='ltr'><strong>Idus</strong></span> <span class='ocrx_word' id='word_1_204' title='bbox 862 1967 1069 2018; x_wconf 89' lang='lat' dir='ltr'><strong>Sextiles</strong></span> <span class='ocrx_word' id='word_1_205' title='bbox 1106 1967 1375 2034; x_wconf 92' lang='lat' dir='ltr'><strong>Pompeius</strong></span> <span class='ocrx_word' id='word_1_206' title='bbox 1401 1968 1452 2018; x_wconf 91' lang='lat' dir='ltr'><strong>in</strong></span> <span class='ocrx_word' id='word_1_207' title='bbox 1477 1978 1706 2019; x_wconf 89' lang='lat' dir='ltr'><strong>senatum</strong></span> <span class='ocrx_word' id='word_1_208' title='bbox 1731 1969 1881 2032; x_wconf 76' lang='lat' dir='ltr'><strong>venit,</strong></span> 
     </span>
     <span class='ocr_line' id='line_1_40' title="bbox 212 2044 1962 2115; baseline 0.004 -16"><span class='ocrx_word' id='word_1_209' title='bbox 212 2048 392 2100; x_wconf 91' lang='lat' dir='ltr'><strong>dicitur</strong></span> <span class='ocrx_word' id='word_1_210' title='bbox 430 2066 570 2100; x_wconf 88' lang='lat' dir='ltr'><strong>servo</strong></span> <span class='ocrx_word' id='word_1_211' title='bbox 611 2052 665 2099; x_wconf 93' lang='lat' dir='ltr'><strong>P.</strong></span> <span class='ocrx_word' id='word_1_212' title='bbox 701 2049 849 2101; x_wconf 93' lang='lat' dir='ltr'><strong>Clodi</strong></span> <span class='ocrx_word' id='word_1_213' title='bbox 886 2049 987 2100; x_wconf 90' lang='lat' dir='ltr'><strong>sica</strong></span> <span class='ocrx_word' id='word_1_214' title='bbox 1021 2049 1277 2111; x_wconf 83' lang='lat' dir='ltr'><strong>excidisse,</strong></span> <span class='ocrx_word' id='word_1_215' title='bbox 1318 2067 1476 2115; x_wconf 91' lang='lat' dir='ltr'><strong>eaque</strong></span> <span class='ocrx_word' id='word_1_216' title='bbox 1510 2052 1576 2102; x_wconf 92' lang='lat' dir='ltr'><strong>ad</strong></span> <span class='ocrx_word' id='word_1_217' title='bbox 1613 2051 1832 2102; x_wconf 88' lang='lat' dir='ltr'><strong>Gabiniu</strong></span> <span class='ocrx_word' id='word_1_218' title='bbox 1863 2076 1887 2100; x_wconf 86' lang='lat'><strong>·:</strong></span> <span class='ocrx_word' id='word_1_219' title='bbox 1933 2044 1962 2107; x_wconf 58' lang='grc' dir='ltr'><strong>,ἵζ’</strong></span> 
     </span>
     <span class='ocr_line' id='line_1_41' title="bbox 212 2131 1886 2197; baseline 0.002 -16"><span class='ocrx_word' id='word_1_220' title='bbox 212 2133 471 2182; x_wconf 88' lang='lat' dir='ltr'><strong>consulem</strong></span> <span class='ocrx_word' id='word_1_221' title='bbox 507 2133 671 2183; x_wconf 88' lang='lat' dir='ltr'><strong>delata</strong></span> <span class='ocrx_word' id='word_1_222' title='bbox 711 2131 903 2182; x_wconf 91' lang='lat' dir='ltr'><strong>dictum</strong></span> <span class='ocrx_word' id='word_1_223' title='bbox 939 2140 1014 2181; x_wconf 89' lang='lat' dir='ltr'><strong>est</strong></span> <span class='ocrx_word' id='word_1_224' title='bbox 1049 2148 1190 2182; x_wconf 89' lang='lat' dir='ltr'><strong>servo</strong></span> <span class='ocrx_word' id='word_1_225' title='bbox 1225 2131 1522 2197; x_wconf 88' lang='lat' dir='ltr'><strong>imperatum</strong></span> <span class='ocrx_word' id='word_1_226' title='bbox 1553 2149 1584 2182; x_wconf 91' lang='lat' dir='ltr'><strong>a</strong></span> <span class='ocrx_word' id='word_1_227' title='bbox 1620 2135 1672 2182; x_wconf 95' lang='lat' dir='ltr'><strong>P.</strong></span> <span class='ocrx_word' id='word_1_228' title='bbox 1702 2132 1886 2184; x_wconf 92' lang='lat' dir='ltr'><strong>Clodi</strong></span> 
     </span>
     <span class='ocr_line' id='line_1_42' title="bbox 213 2212 1883 2279; baseline 0.002 -17"><span class='ocrx_word' id='word_1_229' title='bbox 213 2221 267 2270; x_wconf 85' lang='lat' dir='ltr'><strong>ut</strong></span> <span class='ocrx_word' id='word_1_230' title='bbox 304 2212 572 2278; x_wconf 89' lang='lat' dir='ltr'><strong>Pompeius</strong></span> <span class='ocrx_word' id='word_1_231' title='bbox 602 2212 923 2264; x_wconf 85' lang='lat' dir='ltr'><strong>occideretur.</strong></span> <span class='ocrx_word' id='word_1_232' title='bbox 997 2212 1266 2279; x_wconf 91' lang='lat' dir='ltr'><strong>Pompeius</strong></span> <span class='ocrx_word' id='word_1_233' title='bbox 1299 2213 1464 2263; x_wconf 89' lang='lat' dir='ltr'><strong>statim</strong></span> <span class='ocrx_word' id='word_1_234' title='bbox 1497 2215 1706 2264; x_wconf 91' lang='lat' dir='ltr'><strong>domum</strong></span> <span class='ocrx_word' id='word_1_235' title='bbox 1738 2213 1883 2267; x_wconf 91' lang='lat' dir='ltr'><strong>redii</strong></span> 
     </span>
     <span class='ocr_line' id='line_1_43' title="bbox 212 2293 1871 2346; baseline 0.002 -4"><span class='ocrx_word' id='word_1_236' title='bbox 212 2300 259 2342; x_wconf 85' lang='lat' dir='ltr'><strong>et</strong></span> <span class='ocrx_word' id='word_1_237' title='bbox 292 2311 353 2344; x_wconf 86' lang='lat' dir='ltr'><strong>ex</strong></span> <span class='ocrx_word' id='word_1_238' title='bbox 393 2310 455 2344; x_wconf 94' lang='lat' dir='ltr'><strong>eo</strong></span> <span class='ocrx_word' id='word_1_239' title='bbox 498 2294 638 2345; x_wconf 91' lang='lat' dir='ltr'><strong>domi</strong></span> <span class='ocrx_word' id='word_1_240' title='bbox 677 2311 725 2343; x_wconf 83' lang='lat' dir='ltr'><strong>se</strong></span> <span class='ocrx_word' id='word_1_241' title='bbox 770 2293 942 2345; x_wconf 91' lang='lat' dir='ltr'><strong>tenuit.</strong></span> <span class='ocrx_word' id='word_1_242' title='bbox 1039 2295 1287 2346; x_wconf 88' lang='lat' dir='ltr'><strong>Obsessus</strong></span> <span class='ocrx_word' id='word_1_243' title='bbox 1330 2304 1404 2345; x_wconf 90' lang='lat' dir='ltr'><strong>est</strong></span> <span class='ocrx_word' id='word_1_244' title='bbox 1445 2294 1593 2345; x_wconf 88' lang='lat' dir='ltr'><strong>etiam</strong></span> <span class='ocrx_word' id='word_1_245' title='bbox 1635 2312 1665 2345; x_wconf 90' lang='lat' dir='ltr'><strong>a</strong></span> <span class='ocrx_word' id='word_1_246' title='bbox 1705 2294 1871 2346; x_wconf 91' lang='lat' dir='ltr'><strong>libert</strong></span> 
     </span>
    </p>
   </div>
   <div class='ocr_carea' id='block_1_7' title="bbox 211 2435 1960 3031">
    <p class='ocr_par' dir='ltr' id='par_1_11' title="bbox 211 2435 1960 3031">
     <span class='ocr_line' id='line_1_44' title="bbox 266 2435 1881 2490; baseline 0.002 -14"><span class='ocrx_word' id='word_1_247' title='bbox 266 2450 293 2487; x_wconf 87' lang='lat'><strong>3</strong></span> <span class='ocrx_word' id='word_1_248' title='bbox 322 2437 515 2477; x_wconf 86' lang='lat' dir='ltr'><strong>martiam</strong></span> <span class='ocrx_word' id='word_1_249' title='bbox 536 2442 580 2488; x_wconf 84' lang='grc' dir='ltr'><strong>Σ,</strong></span> <span class='ocrx_word' id='word_1_250' title='bbox 604 2448 701 2477; x_wconf 84' lang='lat' dir='ltr'><strong>corr.</strong></span> <span class='ocrx_word' id='word_1_251' title='bbox 724 2435 949 2477; x_wconf 82' lang='lat' dir='ltr'><strong>Manutius</strong></span> <span class='ocrx_word' id='word_1_252' title='bbox 1059 2435 1245 2477; x_wconf 88' lang='lat' dir='ltr'><strong>liciniam</strong></span> <span class='ocrx_word' id='word_1_253' title='bbox 1265 2436 1335 2477; x_wconf 91' lang='lat' dir='ltr'><strong>P:</strong></span> <span class='ocrx_word' id='word_1_254' title='bbox 1364 2436 1581 2477; x_wconf 88' lang='lat' dir='ltr'><strong>licinniam</strong></span> <span class='ocrx_word' id='word_1_255' title='bbox 1605 2437 1706 2490; x_wconf 87' lang='lat' dir='ltr'><strong>(luc-</strong></span> <span class='ocrx_word' id='word_1_256' title='bbox 1722 2437 1778 2490; x_wconf 88' lang='lat' dir='ltr'><strong>S)</strong></span> <span class='ocrx_word' id='word_1_257' title='bbox 1799 2437 1837 2480; x_wconf 87' lang='lat' dir='ltr'><strong><em>S</em></strong></span> <span class='ocrx_word' id='word_1_258' title='bbox 1860 2465 1881 2471; x_wconf 61' lang='lat'><em>=</em></span> 
     </span>
     <span class='ocr_line' id='line_1_45' title="bbox 213 2490 1960 2547; baseline 0.002 -17"><span class='ocrx_word' id='word_1_259' title='bbox 213 2504 236 2540; x_wconf 90' lang='lat'>4</span> <span class='ocrx_word' id='word_1_260' title='bbox 269 2493 389 2542; x_wconf 88' lang='lat' dir='ltr'><strong>isque</strong></span> <span class='ocrx_word' id='word_1_261' title='bbox 409 2497 453 2531; x_wconf 90' lang='lat' dir='ltr'><strong>et</strong></span> <span class='ocrx_word' id='word_1_262' title='bbox 470 2491 539 2530; x_wconf 87' lang='lat' dir='ltr'><strong>P:</strong></span> <span class='ocrx_word' id='word_1_263' title='bbox 569 2496 613 2531; x_wconf 90' lang='lat' dir='ltr'><strong>et</strong></span> <span class='ocrx_word' id='word_1_264' title='bbox 633 2491 752 2541; x_wconf 92' lang='lat' dir='ltr'><strong>isque</strong></span> <span class='ocrx_word' id='word_1_265' title='bbox 773 2497 817 2531; x_wconf 90' lang='lat' dir='ltr'><strong>et</strong></span> <span class='ocrx_word' id='word_1_266' title='bbox 835 2490 926 2532; x_wconf 89' lang='lat' dir='ltr'><strong>SM</strong></span> <span class='ocrx_word' id='word_1_267' title='bbox 1075 2493 1103 2530; x_wconf 92' lang='lat'><strong>6</strong></span> <span class='ocrx_word' id='word_1_268' title='bbox 1131 2491 1351 2531; x_wconf 81' lang='lat' dir='ltr'><strong>extimatio</strong></span> <span class='ocrx_word' id='word_1_269' title='bbox 1370 2491 1413 2530; x_wconf 91' lang='lat' dir='ltr'><em>P</em></span> <span class='ocrx_word' id='word_1_270' title='bbox 1567 2505 1618 2532; x_wconf 89' lang='lat'><strong>10</strong></span> <span class='ocrx_word' id='word_1_271' title='bbox 1647 2492 1730 2532; x_wconf 92' lang='lat' dir='ltr'><strong>hoc</strong></span> <span class='ocrx_word' id='word_1_272' title='bbox 1749 2497 1815 2533; x_wconf 87' lang='lat' dir='ltr'><strong>est</strong></span> <span class='ocrx_word' id='word_1_273' title='bbox 1928 2495 1960 2547; x_wconf 27' lang='lat' dir='ltr'><strong>sq}</strong></span> 
     </span>
     <span class='ocr_line' id='line_1_46' title="bbox 213 2542 1959 2598; baseline 0.003 -15"><span class='ocrx_word' id='word_1_274' title='bbox 213 2559 311 2586; x_wconf 82' lang='lat' dir='ltr'><strong>corr.</strong></span> <span class='ocrx_word' id='word_1_275' title='bbox 336 2545 393 2586; x_wconf 86' lang='lat' dir='ltr'><strong>ed.</strong></span> <span class='ocrx_word' id='word_1_276' title='bbox 414 2545 528 2585; x_wconf 86' lang='lat' dir='ltr'><strong>Iunt.</strong></span> <span class='ocrx_word' id='word_1_277' title='bbox 683 2558 730 2585; x_wconf 93' lang='lat'><strong>11</strong></span> <span class='ocrx_word' id='word_1_278' title='bbox 763 2545 956 2586; x_wconf 87' lang='lat' dir='ltr'><strong>attulisse</strong></span> <span class='ocrx_word' id='word_1_279' title='bbox 979 2549 1022 2596; x_wconf 83' lang='grc' dir='ltr'><strong>Σ,</strong></span> <span class='ocrx_word' id='word_1_280' title='bbox 1043 2558 1144 2586; x_wconf 78' lang='lat' dir='ltr'><strong>corr.</strong></span> <span class='ocrx_word' id='word_1_281' title='bbox 1164 2543 1245 2585; x_wconf 86' lang='lat' dir='ltr'><strong>KS</strong></span> <span class='ocrx_word' id='word_1_282' title='bbox 1263 2546 1325 2597; x_wconf 85' lang='lat' dir='ltr'><strong>(in</strong></span> <span class='ocrx_word' id='word_1_283' title='bbox 1344 2545 1879 2598; x_wconf 72' lang='lat' dir='ltr'><strong>Addendis)1.‘</strong></span> <span class='ocrx_word' id='word_1_284' title='bbox 1934 2542 1959 2591; x_wconf 62' lang='lat'><strong>&#39;1</strong></span> 
     </span>
     <span class='ocr_line' id='line_1_47' title="bbox 213 2599 1959 2654; baseline -0.001 -15"><span class='ocrx_word' id='word_1_285' title='bbox 213 2599 275 2640; x_wconf 89' lang='lat' dir='ltr'><strong>sic</strong></span> <span class='ocrx_word' id='word_1_286' title='bbox 298 2599 352 2651; x_wconf 90' lang='lat' dir='ltr'><strong>(si</strong></span> <span class='ocrx_word' id='word_1_287' title='bbox 373 2599 451 2651; x_wconf 87' lang='lat' dir='ltr'><strong>M)</strong></span> <span class='ocrx_word' id='word_1_288' title='bbox 473 2599 556 2639; x_wconf 85' lang='lat' dir='ltr'><strong>ulla</strong></span> <span class='ocrx_word' id='word_1_289' title='bbox 575 2613 659 2650; x_wconf 89' lang='lat' dir='ltr'><strong>qua</strong></span> <span class='ocrx_word' id='word_1_290' title='bbox 678 2599 869 2640; x_wconf 87' lang='lat' dir='ltr'><strong>matilina</strong></span> <span class='ocrx_word' id='word_1_291' title='bbox 888 2599 980 2639; x_wconf 94' lang='lat' dir='ltr'><strong>SM</strong></span> <span class='ocrx_word' id='word_1_292' title='bbox 1191 2611 1241 2649; x_wconf 90' lang='lat'><strong>14</strong></span> <span class='ocrx_word' id='word_1_293' title='bbox 1270 2599 1436 2639; x_wconf 86' lang='lat' dir='ltr'><strong>intenta</strong></span> <span class='ocrx_word' id='word_1_294' title='bbox 1459 2602 1502 2651; x_wconf 84' lang='grc' dir='ltr'><strong>Σ,</strong></span> <span class='ocrx_word' id='word_1_295' title='bbox 1530 2600 1608 2640; x_wconf 86' lang='lat' dir='ltr'><strong>Cic.</strong></span> <span class='ocrx_word' id='word_1_296' title='bbox 1634 2599 1746 2642; x_wconf 89' lang='lat' dir='ltr'><strong>codd.</strong></span> <span class='ocrx_word' id='word_1_297' title='bbox 1771 2599 1877 2640; x_wconf 65' lang='lat'><strong>211:</strong></span> <span class='ocrx_word' id='word_1_298' title='bbox 1930 2606 1959 2654; x_wconf 49' lang='lat' dir='ltr'><strong>c.)</strong></span> 
     </span>
     <span class='ocr_line' id='line_1_48' title="bbox 213 2629 1878 2705; baseline 0.002 -13"><span class='ocrx_word' id='word_1_299' title='bbox 213 2653 421 2694; x_wconf 84' lang='lat' dir='ltr'><strong>intentata</strong></span> <span class='ocrx_word' id='word_1_300' title='bbox 449 2657 532 2696; x_wconf 82' lang='lat' dir='ltr'><strong>cett.</strong></span> <span class='ocrx_word' id='word_1_301' title='bbox 560 2654 671 2694; x_wconf 88' lang='lat' dir='ltr'><strong>codd.</strong></span> <span class='ocrx_word' id='word_1_302' title='bbox 705 2654 798 2705; x_wconf 69' lang='lat' dir='ltr'><strong>cic„</strong></span> <span class='ocrx_word' id='word_1_303' title='bbox 823 2653 882 2694; x_wconf 84' lang='lat' dir='ltr'><strong>ed.</strong></span> <span class='ocrx_word' id='word_1_304' title='bbox 907 2653 1020 2693; x_wconf 77' lang='lat' dir='ltr'><strong>June.</strong></span> <span class='ocrx_word' id='word_1_305' title='bbox 1205 2666 1253 2705; x_wconf 90' lang='lat'><strong>15</strong></span> <span class='ocrx_word' id='word_1_306' title='bbox 1278 2653 1376 2693; x_wconf 86' lang='lat' dir='ltr'><strong>huie</strong></span> <span class='ocrx_word' id='word_1_307' title='bbox 1408 2653 1461 2703; x_wconf 93' lang='lat' dir='ltr'><strong>P,</strong></span> <span class='ocrx_word' id='word_1_308' title='bbox 1492 2629 1604 2696; x_wconf 68' lang='lat' dir='ltr'><strong>&#39;Cic.:</strong></span> <span class='ocrx_word' id='word_1_309' title='bbox 1637 2654 1761 2695; x_wconf 89' lang='lat' dir='ltr'><strong>huius</strong></span> <span class='ocrx_word' id='word_1_310' title='bbox 1794 2654 1832 2695; x_wconf 94' lang='lat' dir='ltr'><strong><em>S</em></strong></span> <span class='ocrx_word' id='word_1_311' title='bbox 1874 2682 1878 2695; x_wconf 35' lang='grc' dir='ltr'><strong>ι.</strong></span> 
     </span>
     <span class='ocr_line' id='line_1_49' title="bbox 214 2686 1960 2763; baseline -0.001 -16"><span class='ocrx_word' id='word_1_312' title='bbox 214 2720 300 2748; x_wconf 90' lang='lat' dir='ltr'><strong>non</strong></span> <span class='ocrx_word' id='word_1_313' title='bbox 320 2720 412 2748; x_wconf 89' lang='lat' dir='ltr'><strong>sum</strong></span> <span class='ocrx_word' id='word_1_314' title='bbox 432 2720 586 2758; x_wconf 85' lang='lat' dir='ltr'><strong>passus</strong></span> <span class='ocrx_word' id='word_1_315' title='bbox 609 2709 688 2749; x_wconf 82' lang='lat' dir='ltr'><strong>Cic.</strong></span> <span class='ocrx_word' id='word_1_316' title='bbox 859 2710 909 2748; x_wconf 89' lang='lat'><strong>16</strong></span> <span class='ocrx_word' id='word_1_317' title='bbox 936 2708 1018 2748; x_wconf 89' lang='lat' dir='ltr'><strong>hec</strong></span> <span class='ocrx_word' id='word_1_318' title='bbox 1035 2706 1074 2748; x_wconf 87' lang='lat' dir='ltr'><strong><em>S</em></strong></span> <span class='ocrx_word' id='word_1_319' title='bbox 1088 2721 1098 2748; x_wconf 74' lang='lat' dir='ltr'><strong>t</strong></span> <span class='ocrx_word' id='word_1_320' title='bbox 1125 2707 1204 2748; x_wconf 88' lang='lat' dir='ltr'><strong>hcc</strong></span> <span class='ocrx_word' id='word_1_321' title='bbox 1222 2706 1298 2746; x_wconf 88' lang='grc' dir='ltr'><strong>Μ.</strong></span> <span class='ocrx_word' id='word_1_322' title='bbox 1330 2708 1438 2748; x_wconf 92' lang='lat' dir='ltr'><strong>heoc</strong></span> <span class='ocrx_word' id='word_1_323' title='bbox 1457 2707 1501 2746; x_wconf 94' lang='lat' dir='ltr'><em>P</em></span> <span class='ocrx_word' id='word_1_324' title='bbox 1606 2708 1807 2750; x_wconf 87' lang='lat' dir='ltr'><strong>insidiata</strong></span> <span class='ocrx_word' id='word_1_325' title='bbox 1821 2708 1863 2748; x_wconf 90' lang='lat' dir='ltr'><em>P</em></span> <span class='ocrx_word' id='word_1_326' title='bbox 1923 2686 1960 2763; x_wconf 64' lang='lat' dir='ltr'><strong>‘&#39;{i</strong></span> 
     </span>
     <span class='ocr_line' id='line_1_50' title="bbox 213 2750 1946 2817; baseline 0.001 -17"><span class='ocrx_word' id='word_1_327' title='bbox 213 2762 416 2802; x_wconf 86' lang='lat' dir='ltr'><strong>insidiato</strong></span> <span class='ocrx_word' id='word_1_328' title='bbox 433 2760 472 2801; x_wconf 90' lang='lat' dir='ltr'><strong><em>S</em></strong></span> <span class='ocrx_word' id='word_1_329' title='bbox 486 2776 495 2801; x_wconf 90' lang='lat'>:</span> <span class='ocrx_word' id='word_1_330' title='bbox 525 2763 678 2802; x_wconf 86' lang='lat' dir='ltr'><strong>insidia</strong></span> <span class='ocrx_word' id='word_1_331' title='bbox 698 2761 751 2801; x_wconf 92' lang='lat' dir='ltr'><em>M</em></span> <span class='ocrx_word' id='word_1_332' title='bbox 940 2775 988 2812; x_wconf 94' lang='lat'><strong>17</strong></span> <span class='ocrx_word' id='word_1_333' title='bbox 1016 2763 1123 2802; x_wconf 90' lang='lat' dir='ltr'><strong>haec</strong></span> <span class='ocrx_word' id='word_1_334' title='bbox 1142 2761 1259 2801; x_wconf 92' lang='lat' dir='ltr'><strong>PM:</strong></span> <span class='ocrx_word' id='word_1_335' title='bbox 1288 2750 1403 2812; x_wconf 86' lang='lat' dir='ltr'><strong>quod</strong></span> <span class='ocrx_word' id='word_1_336' title='bbox 1423 2761 1524 2801; x_wconf 89' lang='lat' dir='ltr'><strong>dicit</strong></span> <span class='ocrx_word' id='word_1_337' title='bbox 1544 2761 1582 2802; x_wconf 88' lang='lat' dir='ltr'><strong><em>S</em></strong></span> <span class='ocrx_word' id='word_1_338' title='bbox 1876 2773 1881 2793; x_wconf 57' lang='grc' dir='ltr'><strong>ι’</strong></span> <span class='ocrx_word' id='word_1_339' title='bbox 1943 2790 1946 2817; x_wconf 75' lang='lat'><strong>?</strong></span> 
     </span>
     <span class='ocr_line' id='line_1_51' title="bbox 211 2814 1959 2868; baseline 0.001 -12"><span class='ocrx_word' id='word_1_340' title='bbox 211 2815 302 2856; x_wconf 87' lang='lat' dir='ltr'><strong>SM</strong></span> <span class='ocrx_word' id='word_1_341' title='bbox 316 2830 326 2856; x_wconf 76' lang='lat' dir='ltr'><strong><em>z</em></strong></span> <span class='ocrx_word' id='word_1_342' title='bbox 354 2817 562 2857; x_wconf 87' lang='lat' dir='ltr'><strong>intentata</strong></span> <span class='ocrx_word' id='word_1_343' title='bbox 579 2816 623 2855; x_wconf 90' lang='lat' dir='ltr'><em>P</em></span> <span class='ocrx_word' id='word_1_344' title='bbox 729 2815 836 2856; x_wconf 93' lang='lat' dir='ltr'><strong>obici</strong></span> <span class='ocrx_word' id='word_1_345' title='bbox 856 2829 934 2856; x_wconf 82' lang='lat' dir='ltr'><strong>vos</strong></span> <span class='ocrx_word' id='word_1_346' title='bbox 954 2816 1019 2856; x_wconf 84' lang='lat' dir='ltr'><strong>P:</strong></span> <span class='ocrx_word' id='word_1_347' title='bbox 1048 2816 1252 2857; x_wconf 88' lang='lat' dir='ltr'><strong>obicimus</strong></span> <span class='ocrx_word' id='word_1_348' title='bbox 1273 2814 1362 2856; x_wconf 92' lang='lat' dir='ltr'><strong>SM</strong></span> <span class='ocrx_word' id='word_1_349' title='bbox 1488 2828 1538 2867; x_wconf 91' lang='lat'><strong>19</strong></span> <span class='ocrx_word' id='word_1_350' title='bbox 1565 2817 1678 2868; x_wconf 88' lang='lat' dir='ltr'><strong>apud</strong></span> <span class='ocrx_word' id='word_1_351' title='bbox 1699 2817 1881 2858; x_wconf 89' lang='lat' dir='ltr'><strong>clodiu</strong></span> <span class='ocrx_word' id='word_1_352' title='bbox 1956 2832 1959 2863; x_wconf 66' lang='lat' dir='ltr'>i</span> 
     </span>
     <span class='ocr_line' id='line_1_52' title="bbox 213 2868 1949 2920; baseline 0.002 -11"><span class='ocrx_word' id='word_1_353' title='bbox 213 2868 302 2910; x_wconf 89' lang='lat' dir='ltr'><strong>SP¹</strong></span> <span class='ocrx_word' id='word_1_354' title='bbox 326 2885 335 2909; x_wconf 89' lang='lat'>:</span> <span class='ocrx_word' id='word_1_355' title='bbox 367 2869 412 2910; x_wconf 89' lang='lat' dir='ltr'><strong>P.</strong></span> <span class='ocrx_word' id='word_1_356' title='bbox 446 2870 585 2910; x_wconf 92' lang='lat' dir='ltr'><strong>clodio</strong></span> <span class='ocrx_word' id='word_1_357' title='bbox 613 2871 678 2920; x_wconf 87' lang='lat' dir='ltr'><strong>M,</strong></span> <span class='ocrx_word' id='word_1_358' title='bbox 707 2883 805 2911; x_wconf 84' lang='lat' dir='ltr'><strong>corr.</strong></span> <span class='ocrx_word' id='word_1_359' title='bbox 838 2886 866 2909; x_wconf 89' lang='grc' dir='ltr'>π</span> <span class='ocrx_word' id='word_1_360' title='bbox 1096 2883 1149 2910; x_wconf 85' lang='lat'><strong>20</strong></span> <span class='ocrx_word' id='word_1_361' title='bbox 1178 2876 1244 2912; x_wconf 86' lang='lat' dir='ltr'><strong>est</strong></span> <span class='ocrx_word' id='word_1_362' title='bbox 1271 2869 1330 2910; x_wconf 83' lang='lat' dir='ltr'><strong>ed.</strong></span> <span class='ocrx_word' id='word_1_363' title='bbox 1367 2869 1500 2910; x_wconf 81' lang='lat' dir='ltr'><strong>Ald.:</strong></span> <span class='ocrx_word' id='word_1_364' title='bbox 1530 2876 1573 2910; x_wconf 91' lang='lat' dir='ltr'><strong>et</strong></span> <span class='ocrx_word' id='word_1_365' title='bbox 1593 2874 1624 2912; x_wconf 82' lang='grc' dir='ltr'><strong>Σ</strong></span> <span class='ocrx_word' id='word_1_366' title='bbox 1825 2884 1883 2914; x_wconf 61' lang='lat' dir='ltr'><strong>m«</strong></span> <span class='ocrx_word' id='word_1_367' title='bbox 1947 2896 1949 2898; x_wconf 90' lang='lat'>·</span> 
     </span>
     <span class='ocr_line' id='line_1_53' title="bbox 213 2923 1958 2976; baseline 0.002 -12"><span class='ocrx_word' id='word_1_368' title='bbox 213 2925 302 2964; x_wconf 81' lang='lat' dir='ltr'><strong>sica</strong></span> <span class='ocrx_word' id='word_1_369' title='bbox 320 2923 388 2963; x_wconf 84' lang='lat' dir='ltr'><strong>P:</strong></span> <span class='ocrx_word' id='word_1_370' title='bbox 418 2924 477 2964; x_wconf 88' lang='lat' dir='ltr'><strong>ita</strong></span> <span class='ocrx_word' id='word_1_371' title='bbox 495 2923 586 2964; x_wconf 85' lang='lat' dir='ltr'><strong>SM</strong></span> <span class='ocrx_word' id='word_1_372' title='bbox 666 2938 716 2975; x_wconf 86' lang='lat'><strong>24</strong></span> <span class='ocrx_word' id='word_1_373' title='bbox 747 2924 908 2976; x_wconf 87' lang='lat' dir='ltr'><strong>delata]</strong></span> <span class='ocrx_word' id='word_1_374' title='bbox 932 2953 1254 2965; x_wconf 89' lang='grc'><strong>..........</strong></span> <span class='ocrx_word' id='word_1_375' title='bbox 1276 2923 1314 2965; x_wconf 89' lang='lat' dir='ltr'><strong><em>S</em></strong></span> <span class='ocrx_word' id='word_1_376' title='bbox 1424 2936 1475 2974; x_wconf 85' lang='lat'><strong>25</strong></span> <span class='ocrx_word' id='word_1_377' title='bbox 1506 2925 1631 2964; x_wconf 85' lang='lat' dir='ltr'><strong>rediit</strong></span> <span class='ocrx_word' id='word_1_378' title='bbox 1652 2938 1706 2966; x_wconf 88' lang='lat' dir='ltr'><strong>ex</strong></span> <span class='ocrx_word' id='word_1_379' title='bbox 1726 2926 1853 2974; x_wconf 82' lang='lat' dir='ltr'><strong>eode</strong></span> <span class='ocrx_word' id='word_1_380' title='bbox 1874 2937 1876 2940; x_wconf 58' lang='lat'><strong>⁴</strong></span> <span class='ocrx_word' id='word_1_381' title='bbox 1932 2931 1958 2961; x_wconf 88' lang='lat'><strong>.·</strong></span> 
     </span>
     <span class='ocr_line' id='line_1_54' title="bbox 214 2978 1538 3031; baseline 0 -13"><span class='ocrx_word' id='word_1_382' title='bbox 214 2978 353 3018; x_wconf 87' lang='lat' dir='ltr'><strong>tenuis</strong></span> <span class='ocrx_word' id='word_1_383' title='bbox 374 2981 405 3018; x_wconf 82' lang='grc' dir='ltr'>Σ</span> <span class='ocrx_word' id='word_1_384' title='bbox 423 2992 433 3017; x_wconf 83' lang='lat'><em>=</em></span> <span class='ocrx_word' id='word_1_385' title='bbox 462 2979 587 3019; x_wconf 91' lang='lat' dir='ltr'><strong>rediit</strong></span> <span class='ocrx_word' id='word_1_386' title='bbox 608 2991 662 3019; x_wconf 85' lang='lat' dir='ltr'><strong>ex</strong></span> <span class='ocrx_word' id='word_1_387' title='bbox 683 2993 736 3019; x_wconf 90' lang='lat' dir='ltr'><strong>eo</strong></span> <span class='ocrx_word' id='word_1_388' title='bbox 755 2979 870 3019; x_wconf 91' lang='lat' dir='ltr'><strong>domi</strong></span> <span class='ocrx_word' id='word_1_389' title='bbox 891 2983 1016 3019; x_wconf 86' lang='lat' dir='ltr'><strong>tenus</strong></span> <span class='ocrx_word' id='word_1_390' title='bbox 1036 2979 1235 3031; x_wconf 78' lang='lat' dir='ltr'><strong>Poggius,</strong></span> <span class='ocrx_word' id='word_1_391' title='bbox 1258 2991 1356 3019; x_wconf 86' lang='lat' dir='ltr'><strong>corr.</strong></span> <span class='ocrx_word' id='word_1_392' title='bbox 1383 2978 1538 3018; x_wconf 81' lang='lat' dir='ltr'><strong>Rinkes</strong></span> 
     </span>
    </p>
   </div>
  </div>
 </body>
</html>
