1988 3334
774 76 1179 127 PRAEFATIO

145 222 241 272 iam
280 219 406 285 typis
446 218 683 283 impressa
726 216 986 267 Leidensis
1033 233 1124 264 222
1164 214 1227 281 (l)
1268 214 1464 279 copiam
1503 213 1633 263 nacti
1672 222 1816 263 sunt:

144 306 276 355 hunc
300 302 449 352 etiam
475 302 589 351 cod.
615 302 642 349 b
665 307 978 364 anteponunt
1004 300 1092 348 sed
1123 299 1330 347 selectas
1356 305 1551 346 tantum
1576 295 1816 345 lectiones

144 392 423 449 excerpunt.
499 385 574 432 Ex
598 380 674 431 his
699 382 847 431 codd.
876 381 963 430 abl
981 381 1150 430 denuo
1176 378 1378 440 contuli,
1405 396 1460 442 cg
1479 394 1582 428 non
1608 377 1722 427 vidi.

209 467 286 535 (ii)
321 469 368 516 A
393 483 473 516 me
498 463 664 515 collati
688 466 766 514 vel
791 462 1016 528 inspecti.

207 549 281 617 (a)
316 547 559 599 meliores.

211 649 240 683 v
261 653 312 676 =
336 632 446 681 cod.
486 628 715 680 tabularii
753 627 994 678 Basilicae
1030 627 1303 677 Vaticanae
1345 643 1481 675 num.
1525 627 1592 674 H.
1639 642 1712 674 11.
1759 641 1814 673 12

144 715 379 781 signatuS,
419 711 785 776 Quintilianum
834 720 883 761 et
925 709 1202 759 Asconium
1242 707 1520 758 continens,
1594 706 1818 757 Asconio

145 798 414 864 praefixum
439 798 514 846 est
538 793 763 845 Suetonii
789 795 852 844 de
877 802 1039 844 aetate
1064 792 1171 843 eius
1196 791 1552 842 testimonium.

209 898 236 930 o
259 901 311 924 =
337 880 447 930 cod.
477 877 792 938 OxoniensiS‚
821 878 1013 928 Canon.
1045 875 1190 925 Misc,
1218 890 1326 938 217.
1391 872 1818 938 Subscriptionem

132 963 303 1014 habet.

209 1047 320 1096 Hoc
358 1045 696 1109 fragmentum
747 1049 987 1107 repertum
1029 1048 1100 1090 est
1137 1058 1167 1089 a
1208 1041 1391 1104 Poggio
1436 1040 1489 1088 in
1531 1039 1820 1088 monasterio

142 1128 195 1179 S.
227 1129 371 1180 Galli
390 1135 547 1192 prope
588 1127 926 1176 Constantiam
962 1140 1038 1173 xx
1076 1125 1269 1173 milibus
1298 1131 1540 1188 passuum
1577 1138 1677 1170 una
1714 1138 1818 1170 cum

134 1218 277 1276 parte
312 1211 498 1260 Valerii
518 1211 680 1258 Flacci
699 1208 1080 1271 Argonauticon.

193 1294 292 1357 f=
310 1294 420 1343 cod.
445 1291 757 1343 Pistoriensis
784 1291 834 1340 in
860 1289 1166 1340 bibliotheca
1187 1287 1501 1338 Fabroniana
1525 1304 1660 1337 num.
1691 1285 1819 1351 150.¹

142 1372 565 1448 Subscriptionem
591 1375 758 1424 habet.

208 1460 350 1509 Finis
371 1460 541 1524 partis
570 1460 629 1522 Q.
657 1460 721 1507 A.
749 1457 966 1508 Pediani
984 1474 1101 1506 cura
1127 1464 1174 1505 et
1193 1456 1444 1519 diligentia
1468 1456 1598 1518 Pogi
1625 1456 1820 1504 Floren-

145 1542 241 1591 tim·
259 1548 437 1606 reperte
460 1541 512 1590 in
540 1541 827 1590 monasterio
852 1540 1027 1589 Sancti
1046 1540 1192 1590 Galli
1200 1546 1354 1602 prope
1378 1538 1716 1588 Constantiam
1742 1551 1818 1585 xx

141 1624 217 1674 M.
234 1632 488 1688 passuum.

198 1715 240 1771 p
260 1728 312 1751 =
336 1707 447 1756 eod.
472 1703 759 1755 Parisiensis
789 1707 936 1767 7832,
962 1703 1238 1753 Asconium
1265 1712 1313 1752 et
1334 1701 1540 1752 Guarini
1558 1701 1821 1765 expositio-

142 1805 256 1838 nem
284 1787 564 1838 Roscianae
589 1786 865 1836 continens.

212 1871 349 1920 Inter
385 1869 603 1935 optimos
639 1869 936 1919 numerandi
974 1879 1088 1918 sunt
1127 1870 1270 1918 Harl.
1300 1871 1443 1932 2635,
1472 1867 1558 1931 qui
1595 1867 1820 1917 correcti-

143 1951 322 2002 onibus
347 1969 407 2001 m.
440 1970 464 2001 2
493 1954 570 2002 vel
597 1969 625 2015 3
663 1951 713 2000 in
747 1950 1027 2000 Matritensi
1064 1950 1205 2000 factis
1242 1951 1342 2000 fere
1380 1949 1615 1999 omnibus
1652 1959 1785 1999 caret
1808 1968 1821 2011 ,·

145 2037 283 2085 Harl.
326 2037 475 2099 5238,
511 2034 596 2099 qui
632 2036 743 2084 cod.
769 2034 816 2097 fi
855 2035 1094 2098 gemellus
1133 2042 1237 2094 est3
1286 2035 1429 2082 Laur.
1472 2047 1570 2081 LIV.
1603 2047 1694 2095 -27,
1734 2031 1819 2095 qui

145 2118 289 2168 codd.
335 2119 393 2181 bp
436 2116 713 2166 simillimus
756 2125 830 2167 est
873 2117 979 2178 sed,
1027 2115 1121 2164 nisi
1170 2117 1326 2176 fallor,
1369 2114 1571 2179 propius
1614 2131 1643 2163 a
1682 2115 1820 2164 fonte

144 2198 398 2249 communi
430 2200 584 2249 abest.
661 2201 736 2248 Ex
773 2200 870 2248 hoc
907 2197 1169 2262 scripturas
1205 2196 1442 2261 plurimas
1479 2196 1700 2260 excerpsi
1730 2197 1818 2246 sed

67 2298 72 2304 ·
145 2281 379 2346 temporis
403 2279 642 2346 angustiis
667 2279 961 2330 interclusus
987 2289 1148 2329 totum
1174 2278 1403 2329 codicem
1429 2295 1532 2328 non
1558 2278 1767 2328 excussi.

209 2363 280 2430 (b)
315 2366 552 2429 vulgares.

211 2447 354 2495 Laur.
407 2460 508 2495 L1v.
562 2463 636 2508 29,
691 2460 799 2494 L111.
847 2459 918 2508 15,
973 2443 1202 2495 Riccard.
1251 2458 1359 2508 757,
1403 2445 1654 2493 Ashburn.
1704 2457 1813 2507 255,

143 2525 372 2574 Ambros.
403 2527 470 2573 H.
506 2542 598 2573 100
625 2523 749 2585 infr,
771 2540 800 2573 1.
826 2541 883 2587 91
915 2540 1036 2588 sup„
1059 2525 1171 2573 Vat.
1199 2523 1414 2573 Vrbinas
1443 2538 1554 2587 317,
1577 2522 1818 2587 Angelica

75 2596 80 2601 ’
143 2623 254 2670 431,
285 2608 424 2656 Harl.
458 2608 599 2670 2568.

211 2688 306 2738 His
354 2689 617 2739 addendus
666 2697 739 2737 est
787 2689 900 2738 cod.
946 2687 1307 2752 Neapolitanus
1356 2690 1416 2738 V.
1460 2690 1515 2736 B.
1565 2705 1626 2735 20
1668 2685 1745 2753 (n)
1787 2704 1816 2735 a

197 2853 210 2876 ¹
243 2854 308 2894 De
329 2854 412 2894 hoc
435 2854 580 2894 codice
601 2854 688 2905 agit
711 2855 759 2895 C.
785 2854 1047 2905 Gianatano,
1072 2854 1096 2896 l.
1119 2868 1147 2895 c.
1213 2854 1311 2906 Ipse
1339 2854 1528 2895 codicem
1550 2853 1814 2895 contuleram

143 2913 240 2949 ante
260 2922 384 2960 quam
405 2909 448 2949 in
469 2909 560 2949 eius
581 2909 915 2960 disputationem
937 2909 1080 2949 incidi.

938 2985 1016 3035 xxi
